2658 4916
873 327 881 356 Ι

706 349 780 420 142

202 503 337 636 fferre
353 507 484 580 oltllnctt
502 479 827 588 et'tnrdrnquarenrm,
846 527 887 567 cx
899 509 1009 585 seriptis
1024 455 1197 597 emeritique
1214 517 1282 574 atl-

255 597 268 634 s
285 576 441 647 redundat}
448 580 484 634 ai
505 581 664 636 necessario
682 597 744 634 csse
757 581 1282 651 patriumsermonemadltibendom:

203 665 299 724 neque
323 647 393 701 vitio
416 649 488 701 rarti
511 643 556 702 his
580 650 748 702 vernaculae
771 649 886 721 linguae
907 665 990 704 usrrm
1013 653 1283 728 poesu,r¹qti'7suis

128 726 129 734 ’
204 725 312 772 renuam
333 713 444 770 civibus
468 714 607 772 scribant:
633 715 688 770 nisi
712 732 781 771 vero
795 716 868 790 'quis
886 717 972 772 etiam
991 719 1106 775 Graecis
1121 731 1151 775 at
1165 721 1283 778 Latinis

203 783 274 840 vitio
291 785 358 837 dara
378 783 460 853 velit,
485 783 562 858 quod
581 801 633 838 suo
651 783 748 854 potins
763 799 913 856 sermone,
930 803 1015 860 quam
1034 790 1197 860 peregrino,
1219 790 1284 846 sint

203 853 236 908 in
253 852 308 908 hoc
325 865 428 924 genere
444 853 498 908 usi.
533 850 649 904 murrae
659 861 753 905 aotam
764 852 1026 924 linguaesummam
1039 872 1105 910 esse
1112 857 1283 927 utilitatem,

203 921 407 993 neminemque
424 938 486 974 eam
502 920 589 974 hodie
606 937 688 990 posse
706 919 849 992 ignorare,
869 921 919 994 qui
937 939 1019 976 verae
1033 923 1200 980 eruditionis
1214 935 1285 981 stu-

203 988 302 1043 diosus
312 989 468 1042 renerent
473 1027 484 1057 ,
503 988 532 1042 id
552 1004 620 1042 vero
639 989 784 1041 neminem
802 1005 975 1063 quemquam
992 990 1066 1045 serio
1083 1007 1203 1063 negare,
1231 1004 1284 1048 aut

202 1053 335 1111 dubitare
358 1053 491 1110 lrbitror:
516 1065 549 1109 ut
564 1055 682 1110 fortasse
700 1073 765 1109 curn
782 1053 890 1110 umbris
910 1067 938 1111 et
954 1057 1039 1112 larvis
1057 1070 1198 1130 pugnent,
1274 1062 1282 1115 i

203 1133 301 1178 contra
320 1121 379 1193 ejus
398 1132 585 1180 contemtores
604 1125 780 1195 declamant,¹
795 1124 886 1183 ethoc
895 1133 1004 1194 teritum
1017 1135 1114 1198 agant,
1133 1137 1165 1196 ut
1180 1137 1231 1182 stu
1248 1130 1282 1184 tis

205 1203 234 1248 et
256 1191 393 1272 imperitis
411 1187 576 1247 hominibus
599 1207 731 1263 magnam
751 1191 916 1247 eruditionis
934 1193 1037 1247 latinae
1055 1194 1226 1266 opinionem
1246 1199 1280 1251 de

203 1277 236 1318 se
254 1258 394 1328 injiciant,
416 1261 569 1344 magirique
584 1259 787 1332 humaniorum
799 1260 948 1334 ‚literarum
965 1261 1094 1320 vindices
1113 1273 1140 1317 et
1157 1273 1279 1334 statores

203 1328 368 1384 videantur:
389 1343 453 1381 cum
472 1327 659 1399 rp‘sr'fort'asse
677 1327 750 1381 nihil
767 1329 1008 1402 neque'pedestri
1018 1330 1158 1400 oratione,
1179 1335 1277 1408 neque

189 1397 302 1469 ligata,
328 1392 450 1448 scribere
463 1395 591 1472 possint,
617 1395 647 1448 in
700 1413 728 1450 ro
746 1398 899 1471 quicquam
918 1397 979 1450 sani
997 1398 1099 1453 coloris
1117 1399 1203 1468 insit,
1231 1413 1277 1456 aut

189 1463 281 1540 'quod
297 1461 468 1536 eductorum
481 1463 675 1536 elegantiama
689 1483 755 1538 iqua
764 1465 873 1520 ratione
881 1466 1007 1530 ‚accedat
1035 1469 1067 1520 ln
1082 1465 1165 1534 hujus
1182 1479 1276 1524 atatem

204 1530 317 1606 generis
341 1527 421 1586 libris
443 1529 635 1586 adhibendam
659 1548 721 1584 eam
743 1532 870 1606 lingnam
895 1545 968 1602 esse,
995 1534 1045 1616 qui
1064 1533 1167 1590 exteris
1184 1537 1272 1602 vertam

169 1625 175 1657 3
190 1657 191 1665 χ
204 1595 368 1656 nationibus
386 1595 557 1665 scribantur,
582 1601 630 1652 vel
646 1599 779 1669 prodesse
796 1602 831 1656 iis
844 1609 923 1656 ’certe
939 1609 1065 1670 possint,
1086 1605 1272 1678 autaqu'orurn

203 1675 402 1740 argumentum
424 1663 563 1732 eiusmodi
581 1676 637 1735 est,
667 1677 733 1722 uta
755 1669 870 1728 nemine
893 1685 988 1742 neque
1008 1673 1152 1741 legantur,
1180 1689 1273 1748 neque

203 1736 261 1808 legi
279 1734 397 1804 possint,
418 1733 474 1790 nisi
492 1735 541 1808 qui
559 1734 633 1788 inter
646 1733 770 1791 eruditos
780 1751 885 1790 nomen
902 1735 1065 1806 profiteatur
1075 1755 1174 1808 suum,
1194 1739 1271 1794 facila

203 1813 304 1862 omnes
322 1802 494 1879 concedente
513 1803 572 1858 nisi
596 1803 661 1883 quis
686 1804 757 1858 forte
778 1802 915 1871 confidat,
941 1803 1022 1860 libris
1044 1803 1261 1880 qutbascmqae,

203 1870 393 1942 inprimisque
410 1869 495 1940 hujus
504 1871 668 1942 posterioris
680 1871 805 1944 generis,
824 1868 977 1929 'vernaculo
995 1891 1132 1930 sermone·
1143 1873 1261 1938 conben-

205 1939 265 2005 ὥς,
291 1936 484 2012 ellici'poase,
506 1948 538 1994 ut
562 1949 674 2000 exterae
695 1939 835 2006 nationes,
860 1943 908 1994 rel
928 1940 1048 2009 inritae,
1072 1942 1106 1998 ei,
1122 1941 1265 1998 discendae

143 2027 145 2034 ¹
205 2024 321 2078 operam
339 2006 406 2058 dare
423 2006 580 2062 instituant.
616 2008 672 2062 Sed
690 2017 722 2060 ut
739 2017 860 2076 taceam,
879 2027 942 2066 eant
960 2009 1126 2079 opinionem
1143 2009 1270 2066 vanitatis

204 2073 352 2143 oriundam
374 2083 469 2128 notant
488 2074 610 2148 effugere
626 2074 744 2132 minime
760 2093 857 2146 posse:
883 2075 989 2152 quiite
1007 2079 1265 2148 speraturam,

56 2171 79 2203 1.
151 2179 154 2194 ι
203 2143 323 2199 minime
348 2141 420 2196 milti
443 2143 577 2218 ridentur
601 2141 773 2216 intelligere,
809 2144 944 2202 autentis
971 2163 1101 2219 unquam
1119 2146 1263 2226 cogitasse,

204 2229 278 2286 quae
302 2227 347 2264 res
365 2209 488 2264 maxime
507 2209 664 2278 effecerint,
691 2219 722 2264 ut
736 2211 851 2284 linguae
874 2212 1013 2285 quaedam
1034 2211 1119 2269 latius
1135 2214 1268 2296 erispa

203 2285 307 2346 tenerit,
318 2276 473 2347 aepactae
481 2278 551 2334 fines
563 2279 729 2350 migrarent3
748 2279 838 2360 quod,
854 2290 886 2334 ut
899 2281 968 2335 olim
981 2297 1109 2352 graecae,
1128 2291 1157 2335 et
1169 2283 1271 2338 dernda

130 2372 132 2380 ’
204 2345 482 2416 transmutatione
500 2347 638 2402 francicae
656 2347 807 2419 contigisse
824 2357 942 2403 constat.
976 2348 1057 2404 Libri
1076 2359 1151 2406 certe
1169 2355 1273 2406 Roma-

204 2435 308 2474 norum
329 2425 358 2470 et
375 2418 623 2490 Francogallarum
641 2433 789 2489 nunquam
808 2433 844 2470 eo
861 2416 1027 2485 valuissent,
1053 2417 1108 2482 nisi
1131 2436 1276 2475 mmortrm

203 2483 412 2559 bellorumque
422 2484 466 2540 vis
473 2525 481 2554 ,
509 2491 593 2558 atque
617 2487 705 2544 multa
729 2482 784 2536 alia
805 2492 960 2553 praetcrea,
984 2503 1057 2556 quae
1079 2485 1127 2540 itio
1144 2502 1277 2543 comme·

169 2571 173 2578 ·
202 2570 315 2612 morare
338 2572 398 2608 non
423 2563 466 2609 est
488 2567 618 2621 necesse,
643 2553 677 2606 ad
697 2549 836 2604 libr-crum
859 2553 1057 2622 praestantiam
1079 2554 1277 2610 accessissent.

205 2625 303 2696 Neque
329 2639 398 2676 vero
415 2621 514 2694 lingua
536 2638 635 2694 graeca
649 2627 793 2675 totterras
812 2620 882 2674 olim
898 2621 1080 2689 peruasisset,
1103 2621 1158 2676 nisi
1177 2631 1223 2676 tot
1241 2641 1281 2678 ex

205 2691 322 2748 Graecia
338 2689 467 2760 coloniae
485 2699 579 2746 essent
595 2689 626 2744 in
639 2687 734 2742 ¹rarius
752 2685 829 2741 orbis
848 2697 941 2758 pentes
960 2687 1105 2757 dimissae,
1123 2699 1151 2742 et
1168 2703 1280 2760 graeca

261 2777 287 2814 ει
298 2775 356 2813 tina
380 2757 490 2826 suisset,
513 2763 588 2831 qnae
605 2767 677 2811 artes
699 2756 758 2808 fere
777 2771 875 2810 omnes
893 2755 1060 2824 invertisset,
1073 2767 1108 2810 et
1124 2756 1161 2809 ita
1180 2773 1282 2811 exco-

202 2777 316 2892 ᾕξιὲεοῑ,
340 2834 372 2878 ut
394 2843 445 2894 per
470 2843 535 2878 earn
558 2825 594 2878 ad
618 2841 757 2879 sommam
780 2823 984 2893 perlectionem
1007 2822 1280 2898 absolutionemque

203 2894 369 2978 pemanisse
385 2895 563 2960 viderentur,
583 2911 673 2968 eoque
691 2891 795 2948 factum
814 2901 901 2960 esset,
919 2901 952 2946 ut
970 2893 1062 2948 omnis
1079 2892 1222 2963 sapientia
1241 2892 1293 2948 ab‘

204 2965 242 3020 tis
259 2962 381 3040 petqnda
397 2962 553 3016 videretur.x
936 2983 939 2994 ·
956 3013 959 3016 .

133 3079 134 3088 ,
221 3079 225 3086 .
273 3033 371 3104 Neque
388 3039 484 3084 tamen
500 3030 570 3084 haec
588 3047 622 3084 eo
640 3031 748 3096 valent,
771 3029 858 3083 ullam
877 3035 909 3082 ut
925 3028 1121 3084 necessitatem
1139 3027 1278 3104 cuiquam

203 3099 335 3162 afferant:
360 3097 539 3169 praesertim,
564 3097 670 3172 siquis
688 3115 748 3152 non
771 3096 807 3150 sit
822 3096 853 3150 in
871 3105 990 3170 utraque
1006 3097 1105 3172 lingua
1121 3113 1188 3150 aaut
1206 3099 1277 3152 scri-

203 3163 293 3224 bandi
319 3166 685 3234 facultatemconsccutus,
709 3173 740 3218 ut
766 3161 924 3233 probabilis
948 3181 1010 3220 esse
1032 3164 1152 3236 scriptor
1199 3167 1275 3221 ussit.

202 3235 253 3290 Est
266 3235 343 3288 enim
357 3245 592 3302 consentaneum,
612 3249 802 3306 nequamque
821 3249 951 3286 sermone
968 3229 1096 3287 inlibris
1114 3249 1172 3289 surr
1215 3233 1275 3288 ndis

204 3303 262 3370 uti,
288 3303 318 3355 in
341 3320 398 3376 quo
420 3303 543 3356 maxime
565 3301 649 3356 valet.
692 3301 841 3354 Neminem
861 3309 956 3354 autem
981 3300 1041 3354 fore
1064 3309 1123 3354 tam
1144 3301 1270 3372 ineptum

203 3370 308 3426 latinae
324 3369 366 3423 tin
377 3379 438 3425 tuae
457 3370 655 3424 admiratorem
672 3379 784 3440 putem,
802 3368 876 3442 ¹quin
892 3368 971 3421 malit
987 3365 1094 3422 librum
1107 3369 1206 3438 patrio
1223 3387 1267 3424 set·

205 3455 306 3506 mone,
331 3386 384 3493 sed
403 3447 479 3492 recte
497 3447 531 3491 et
548 3439 691 3510 eleganter
710 3436 859 3507 scriptum,
883 3438 978 3507 legere
1015 3453 1102 3508 quarn
1119 3435 1273 3509 qui‘latinc

248 3505 323 3558 ‘orn
340 3506 388 3574 sit,
414 3507 463 3560 sed
482 3496 614 3573 barbare,
641 3513 689 3559 aut
704 3505 744 3558 ita
761 3504 896 3573 scriptus,
917 3513 951 3556 ut
967 3475 1003 3557 ab
1021 3503 1138 3577 antiqua
1164 3514 1198 3558 et
1215 3521 1278 3558 vcra

153 3628 156 3632 ,
235 3573 345 3645 egentia
368 3572 524 3628 abhorreat.
564 3575 658 3647 Atque
681 3574 767 3626 etiam
788 3571 855 3626 libri
876 3570 960 3639 hujus
978 3570 1087 3644 generis
1106 3589 1200 3651 saepe
1216 3573 1278 3689 plur

206 3650 352 3696 auctorum
363 3641 458 3695 *samaa
471 3651 589 3708 mouent,
607 3659 692 3716 quam
705 3649 831 3711 prosunt.
851 3638 1018 3694 ‘Christiani
1032 3637 1186 3694 Thomasri
1201 3641 1221 3692 lr
1241 3655 1274 3703 n,

239 3709 258 3764 'i
281 3710 370 3780 patric
394 3718 459 3764 sunt
479 3727 609 3775 sermone
634 3710 744 3780 scripti,
769 3707 904 3782 quoniam
925 3707 1066 3780 qrrarrdanr
1090 3709 1279 3762 remaculant

236 3777 375 3850 egantiam
384 3775 503 3844 habent,
522 3787 630 3832 constat
640 3778 713 3830 inter
728 3793 838 3842 omnes,
858 3793 943 3848 quam
955 3775 1058 3844 cupide
1069 3773 1150 3846 sinta
1162 3773 1282 3840 nostris,

207 3863 293 3920 quam
311 3843 432 3898 libenter
448 3843 522 3898 lecti.
557 3845 649 3900 Latini
666 3855 771 3911 utitem,
792 3843 858 3916 quia
870 3843 1095 3914 germanicorum
1107 3841 1292 3897 suavitatem¹

205 3927 267 3968 non
283 3923 483 3986 assequuntur,
493 3914 552 3968 'sad
566 3915 680 3984 impure
696 3908 950 3986 unntbarbareque
961 3908 1072 3979 scripti,
1090 3926 1197 3982 neque
1207 3910 1287 3982 apud

188 3982 380 4050 ¹Germanos,¹
397 3997 491 4054 neque
515 3980 589 4052 apud
611 3983 735 4047 exteros,
756 3987 789 4030 ut
810 3977 926 4048 opinor,
949 3978 1051 4032 multos
1069 3977 1213 4048 lectores,
1241 3987 1289 4032 ant

112 4074 116 4104 ε
207 4045 339 4120 magnam
350 4048 478 4118 laudem,
498 4049 680 4104 invenerunt:
700 4063 776 4100 nunc
793 4055 900 4112 autem,
918 4053 1029 4100 mortuo
1042 4054 1176 4113 tractore,
1197 4047 1289 4100 etiarn

246 4115 283 4170 ud
312 4134 364 4170 nos
389 4113 582 4185 absolverunt,
612 4135 705 4188 neque
726 4117 843 4170 lectores
870 4113 950 4170 t'acite
973 4112 1134 4168 inveniunt.
1178 4111 1288 4190 Neque

208 4133 324 4250 dimite,
348 4183 418 4256 quin
440 4184 518 4240 idem
538 4186 627 4252 satum
648 4183 771 4238 habituri
796 4182 914 4250 sinthi,
939 4182 990 4255 qui
1011 4190 1075 4250 post
1092 4180 1182 4238 illum
1205 4201 1228 4238 a
1252 4182 1289 4236 ud

60 4251 62 4274 '
145 4271 152 4296 ν
176 4324 181 4331 p
208 4267 261 4305 nos
279 4254 347 4309 tales
366 4253 402 4306 de
419 4253 600 4326 Philosophia
616 4250 682 4307 libri
699 4251 779 4306 latini
797 4250 972 4322 prodierunt.
1007 4251 1101 4303 Docet
1118 4247 1208 4304 enim
1258 4267 1290 4306 oc

264 4411 282 4440 N
