2658 4916
675 295 678 312 '
710 319 817 414 tae,-

205 443 313 548 ξιτψ
322 473 443 556 ,albim
459 455 574 554 gladios·
582 473 671 533 etlam
687 475 823 558 adyprsas
839 493 890 538 sos
906 477 1111 552 irnperatores,
1123 483 1174 558 qui
1185 500 1289 553 eroes,

207 559 283 616 quas
301 559 344 598 rrs
361 544 441 596 nulla
456 552 594 614 potuisset
610 545 645 600 ad
665 545 840 602 deditionem
852 563 965 628 cogere,
986 549 1068 606 famis
1083 551 1287 620 desperatione

207 618 357 680 oeperunt.
392 609 450 666 Cur
467 627 535 666 vero
550 612 685 668 cessatis?
713 615 879 676 condonatis
896 617 1004 676 sctb'cet
1021 635 1054 672 ea
1069 619 1179 686 omnia,
1206 637 1287 692 quo-

205 677 292 758 niem
307 695 325 732 a
342 677 515 758 necpssitatis
533 679 693 736 terrenitate
713 680 896 754 regebantur,
924 693 952 739 et
974 685 1054 740 aliter
1076 705 1136 748 non
1152 697 1287 758 poterant

212 761 336 815 necere,
350 751 405 802 nr'si
419 748 457 802 ita
468 747 611 804 vicissent.
642 749 738 823 ltaque
752 767 803 806 vos
815 751 870 821 ipsi
881 750 1042 810 absolvistis
1055 753 1178 812 rabulas.
1207 755 1287 826 Quid

211 811 310 883 verbis
326 814 398 868 meis
415 816 490 896 apud
508 832 570 882 eos,
594 817 631 872 ad
650 817 877 888 deprecationem
900 820 1026 877 criminis
1050 839 1122 892 opus
1146 832 1203 890 est,
1235 821 1287 896 qui

205 891 313 963 mente
329 881 449 962 professi
467 892 544 950 sunt,
563 884 709 942 victoriam
726 889 814 942 asota
825 889 1032 960 opportunitate
1045 889 1117 958 dari,
1131 892 1286 965 nsdlisque
1319 875 1320 920 l

205 948 323 1023 degibus
341 950 501 1008 ademeram
518 952 602 1006 esse?
1090 999 1091 1010 ,
1155 995 1159 1022 ,

207 1065 209 1072 ,
281 1019 339 1074 ded
355 1018 411 1074 alio
428 1019 546 1074 crimine
563 1019 669 1092 urgetis
686 1019 850 1079 innocentes
865 1031 895 1076 et
903 1021 977 1082 nihil
988 1025 1042 1078 tale
1052 1024 1168 1080 meritos
1184 1025 1285 1082 leomi-

209 1104 276 1154 nes,
293 1088 372 1162 quod
391 1087 425 1142 iis
442 1096 521 1144 tauto
539 1089 602 1158 plus
620 1087 746 1144 invidiae
763 1089 854 1156 affert,
884 1101 990 1163 quanto
1006 1088 1096 1160 majus
1118 1092 1285 1163 periculum
1319 1119 1320 1156 i

204 1155 360 1212 „inminere
373 1153 503 1225 publicae
516 1155 658 1213 securitati
668 1156 827 1212 elamitetis.
845 1161 935 1230 Leges
946 1177 1045 1217 ornnes
1055 1161 1154 1227 everti,
1169 1179 1284 1231 poena-

205 1229 276 1280 r'um
292 1223 385 1278 mitras
408 1239 588 1292 evanescere,
616 1223 770 1280 sceleribus
794 1235 821 1280 et
842 1223 878 1280 fla
898 1227 954 1282 iiis
978 1227 1086 1285 aditum
1110 1229 1284 1298 patefactum
1319 1285 1320 1290 χ

204 1289 570 1358 .videriarab1dir,eitis;
589 1293 751 1365 quornodo
768 1293 854 1350 vero?
879 1243 1050 1354 beandum
1067 1295 1146 1354 enim
1162 1297 1282 1352 meritos
1319 1293 1320 1338 l

204 1377 229 1414 a
245 1359 450 1432 suppliciorum
460 1359 622 1437 facecitate,
641 1353 829 1434 efficiuntque‘
839 1362 1001 1431 calumniis,
1027 1372 1058 1418 ut
1077 1363 1241 1426 homicidia
1258 1373 1281 1418 et

204 1427 348 1484 adulteria
364 1435 394 1482 et
409 1426 481 1482 furta
498 1426 637 1497 impunita
654 1437 857 1550 perpetrantis.
891 1431 978 1486 Miror
1000 1431 1214 1502 impudentiam
1231 1452 1281 1490 ve-

204 1505 298 1552 stram
333 1503 521 1561 accusatores,
544 1494 596 1567 qui
612 1497 690 1570 quod
725 1497 828 1554 audem
844 1496 1020 1567 merebatur,
1046 1501 1077 1554 in
1098 1499 1279 1556 innocentiae

204 1535 397 1644 approbrium
408 1571 465 1616 tam
477 1561 624 1618 artificiose
635 1565 805 1644 cppvertitis.
836 1567 923 1646 Igitur
933 1565 1054 1623 inauditi
1068 1568 1278 1624 condemnandi

205 1640 289 1700 sunt,
317 1649 368 1705 qur
385 1648 416 1686 in
432 1632 581 1685 molestam
596 1629 765 1704 flagitiorum
781 1633 972 1704 suspicionem
989 1635 1060 1690 forte
1076 1634 1214 1692 immeriti
1231 1639 1277 1692 in-
1319 1657 1320 1696 t

202 1698 354 1756 ciderunt!
379 1701 455 1753 itane
472 1696 535 1752 falsi
559 1709 586 1754 et
608 1698 699 1770 inepti
722 1701 850 1758 doctores
871 1701 939 1769 sint,
971 1703 1021 1775 qui
1044 1713 1161 1758 centum
1183 1706 1272 1774 potius

114 1785 117 1790 ’
203 1767 422 1826 sanstissimae
440 1765 570 1822 homines
588 1785 604 1820 a
621 1767 729 1822 meritis
742 1769 853 1846 ,poenis
869 1767 1046 1838 liberandos,
1076 1789 1164 1844 quam
1186 1791 1266 1834 unum

131 1855 136 1866 ·
208 1837 262 1892 nil.
270 1839 325 1889 tale
342 1834 486 1900 meritum,
507 1827 710 1904 suppliciorum
723 1835 826 1905 inparia
838 1837 1056 1908 opprimendum
1068 1855 1144 1906 esse,
1159 1839 1261 1908 praeci-

119 1963 121 1968 ,
204 1901 305 1976 piant!
330 1901 422 1973 Mergi
436 1901 531 1974 itaque
549 1904 642 1972 potius
660 1903 691 1958 in
709 1903 903 1975 suspicionum
920 1914 947 1958 et
968 1907 1159 2008 praestiomun
1173 1905 1261 1962 nubi-

174 1977 178 1981 ’
203 1989 266 2028 anes
291 1972 433 2042 delapsos,
465 1987 562 2042 qiram·
576 1971 685 2028 extrahi
711 1981 739 2026 et
763 1972 869 2028 serrari
891 1972 991 2028 wiltis.
1027 1973 1167 2038 Obdurate
1185 1973 1268 2046 igitur

204 2041 295 2095 enred
306 2049 415 2114 rostras
433 2053 545 2104 omnes,
573 2039 624 2111 qui
646 2040 771 2100 nominis
796 2040 971 2097 honestatem
993 2041 1132 2113 integram
1153 2041 1272 2098 retinere
1319 2084 1320 2098 ,

203 2108 328 2179 cupitis,
346 2114 450 2174 eiurato
467 2105 669 2162 humanitatem
686 2119 713 2162 et
730 2109 950 2176 miserationem,
968 2112 1103 2164 molestae
1121 2109 1175 2163 hae
1193 2107 1273 2164 vobis

170 2241 172 2246 Ι
203 2176 327 2232 ¹tirtntes
350 2174 458 2237 futurae
483 2183 560 2240 sunt,
593 2175 651 2230 imo
677 2175 816 2232 exitiales!
844 2179 915 2230 Nam
940 2178 1009 2250 quid
1035 2178 1112 2232 aliud
1141 2175 1273 2232 obiicitur

198 2239 293 2312 tusis,
313 2260 399 2318 quam
416 2259 464 2296 eos
481 2241 566 2298 nimis
583 2241 841 2310 hirmanosfuisse,
866 2253 896 2298 et
910 2244 1090 2300 miseratione
1108 2262 1157 2300 ees
1175 2263 1272 2310 prose-
1319 2249 1320 2292 l

204 2323 289 2372 catos
307 2313 385 2378 esse,
402 2328 474 2391 quos
487 2310 608 2366 aliorum
623 2310 939 2368 crudelitasdurissimis
952 2313 1098 2383 suppliciis
1111 2313 1272 2368 destinave—
1319 2311 1320 2322 ¹

206 2382 273 2437 rat?
291 2379 353 2452 ‚Qui
371 2395 448 2432 enim
465 2387 597 2448 pmantur
614 2379 765 2435 criminum
781 2383 893 2449 culpam
909 2381 1094 2448 contraxisse,
1117 2390 1167 2435 aut
1185 2380 1274 2447 confi-

202 2459 303 2504 -terttur
320 2446 496 2512 malefacta,
517 2457 693 2519 autnegaat.
728 2451 793 2502 lllos
815 2448 916 2502 frustra
942 2448 1090 2516 defendes,
1115 2449 1173 2503 nisi
1198 2449 1274 2520 ipsae
1319 2459 1320 2464 ’

203 2519 298 2590 leges,
317 2514 399 2570 aetati
417 2518 464 2568 sel
482 2514 569 2570 lineri
586 2515 763 2587 indulgeant,
782 2513 949 2584 autiudices
960 2515 1092 2587 precibus
1104 2534 1274 2596 expugnen-

202 2595 266 2654 -tur,
284 2587 337 2642 hos
355 2583 517 2638 indefensos
537 2583 726 2640 condemnare
743 2601 828 2638 nemo
846 2592 945 2653 potest.
981 2584 1011 2638 si
1030 2585 1094 2658 quis
1110 2602 1180 2640 vero
1195 2585 1275 2658 cogi·

205 2663 261 2721 tet,
285 2669 371 2728 quam
388 2667 524 2732 magnam
548 2651 596 2718 sit,
629 2651 738 2724 devita
762 2651 886 2706 hominis
911 2661 1046 2720 statuere,
1077 2670 1163 2726 quam
1185 2651 1276 2708 falsae
1319 2677 1320 2736 p

144 2761 149 2766 ·
201 2722 382 2791 suspiciones
407 2730 501 2773 etiam.
522 2720 657 2774 adversus
688 2721 791 2788 optime
822 2720 858 2772 de
880 2717 1027 2788 republica
1055 2719 1175 2774 meritos
1195 2719 1277 2776 cives

201 2797 365 2844 commotae
382 2787 498 2853 fuerint,
516 2786 541 2840 is
558 2805 627 2840 sane
643 2788 804 2842 laudandos
818 2796 846 2840 et
857 2787 988 2856 praemiis
1000 2787 1159 2842 excitandos
1176 2788 1277 2857 potius

201 2855 335 2924 rabulas,
361 2873 446 2929 quam
470 2855 641 2914 accusandos
672 2853 901 2920 eristinraverit,
944 2855 993 2910 od
1016 2873 1124 2910 summa
1145 2870 1222 2910 cara
1249 2873 1276 2910 ac

201 2925 352 2997 diligentia
370 2923 500 2978 studeant
517 2939 629 2989 carere,
647 2939 684 2976 ne
701 2924 853 2992 puniantur
868 2922 908 2990 ii,¹
943 2921 1075 2996 equibus
1090 2940 1149 2976 non
1162 2933 1277 2992 constat

202 3010 244 3047 an
260 2991 415 3046 malefactis
432 3007 537 3061 poenas
554 2991 717 3044 memerint.
746 2988 904 3048 ,Enimvero
922 2989 1069 3046 fraudibus
1085 3008 1147 3044 eam
1163 2990 1196 3044 in
1214 3010 1277 3047 rem

203 3071 331 3116 utuntur.
365 3059 403 3113 At
424 3077 460 3112 ne
476 3059 531 3114 hoc
552 3056 634 3114 vobis
659 3067 803 3128 tantopere
823 3055 967 3128 displicet.
1003 3061 1058 3114 Sed
1083 3059 1146 3133 quis
1171 3058 1275 3114 fraude

200 3135 265 3184 non
283 3128 386 3182 utitur?
405 3077 441 3180 lot
458 3145 554 3198 nonne
571 3127 660 3198 magis
676 3125 834 3181 humanum
851 3135 906 3194 est,
933 3125 1080 3182 fraudibus
1097 3126 1137 3180 uti
1154 3127 1192 3180 ad
1215 3145 1277 3182 ser-

199 3195 481 3316 apndosshominps,
517 3213 604 3270 quern
632 3195 669 3248 ad
699 3195 858 3267 aagendam
888 3213 952 3249 rem·
979 3195 1146 3253 familiarem
1174 3196 1276 3252 nomi-

158 3277 160 3285 *
200 3283 249 3320 nus
292 3282 307 3317 e
337 3269 452 3317 amam.'

198 3363 203 3370 -
252 3281 331 3386 quSed
348 3331 434 3386 audio
451 3349 514 3398 vos,
543 3337 728 3397 accusatores,
753 3347 829 3384 novo
853 3321 975 3384 clamore
1001 3325 1154 3385 verborum
1177 3327 1274 3386 ambi

147 3440 150 3445 .
200 3399 339 3474 ¹gnitatem
357 3395 655 3468 exprobrarerabnlis,
675 3399 775 3470 quain
788 3395 989 3465 connectibus,
1007 3397 1182 3452 testamentis
1194 3409 1274 3454 cete·
1319 3435 1320 3438 =

199 3469 305 3541 aisque.
319 3466 450 3539 negotiis,
470 3463 574 3542 quibus
587 3463 787 3543 adhibeantur,
807 3485 840 3522 eo
854 3465 973 3520 consilio
985 3475 1109 3533 utantur,
1128 3475 1159 3520 ut
1172 3483 1276 3536 capere

198 3534 345 3602 incautos,
371 3545 398 3588 et
415 3535 478 3589 lites
494 3551 588 3588 meare
606 3534 637 3586 in
653 3533 802 3588 utilitatem
818 3551 898 3588 suam
915 3533 1032 3602 possint.
1069 3533 1228 3588 Enimvero
1247 3553 1275 3588 ea

201 3603 398 3682 providentia,
418 3621 491 3676 quae
509 3620 525 3656 a
543 3601 624 3656 claris
643 3609 671 3658 et
687 3601 842 3672 perspicuis
858 3597 954 3656 verbis
972 3599 1113 3656 abstinere
1131 3611 1159 3654 et
1179 3601 1219 3656 iis
1236 3599 1272 3654 uti

200 3669 297 3744 jubet,
316 3689 388 3744 qnae
405 3669 641 3741 interpretationis
659 3677 770 3725 nostrae
788 3667 949 3724 salubritate
961 3669 1085 3742 torqueri
1099 3669 1137 3722 ita
1151 3670 1269 3738 possint,

204 3750 238 3794 ut
255 3739 316 3794 sine
335 3753 441 3808 poenae
461 3737 594 3792 damnive
611 3747 700 3804 metu,
726 3755 778 3792 nos
801 3735 959 3792 subducere
983 3736 1189 3806 promissorum
1216 3755 1275 3794 ser-

199 3807 364 3872 .vandorum
377 3805 479 3872 officio,
496 3808 614 3864 alterum
627 3821 695 3860 vero
707 3819 830 3878 quocum
841 3805 915 3874 pacti
927 3821 1034 3871 smnus,
1047 3804 1082 3856 ad
1095 3805 1280 3874 praestanda,

197 3893 279 3952 ‚qisae
290 3873 373 3929 nobis
385 3875 534 3929 commoda
544 3872 637 3928 futura
647 3882 720 3930 sunt.
735 3873 986 3945 invitumquoque'
995 3872 1107 3943 adigere
1119 3889 1282 3944 quesumus3

200 3963 253 4011 ea,
277 3943 406 4015 iuquam,
431 3941 610 4010 providentia
634 3937 843 4011 epublicarum
868 3957 964 3994 rerum
981 3957 1035 3994 nsu
1054 3939 1140 4016 petita
1159 3949 1221 4008 est,
1251 3957 1285 3994 ac

203 4027 336 4084 magnam
359 4011 390 4064 in
415 4027 445 4065 se
470 4009 636 4084 prudentiae
664 4017 691 4064 et
720 4007 846 4064 utilitatis
875 4009 1151 4063 commendationem
1177 4007 1285 4064 habet.

205 4077 353 4134 Libertatis
371 4077 426 4133 hoc
450 4077 575 4132 studium
598 4087 654 4145 est,
681 4077 758 4151 quod
780 4074 914 4140 omnibus
938 4094 954 4128 a
978 4078 1081 4130 Natura
1104 4075 1287 4130 hominibus

204 4148 327 4202 inditum
344 4156 395 4201 est.
430 4148 494 4200 Non
511 4143 587 4198 enirn
604 4143 862 4200 bustraiorationis
883 4153 960 4202 nata
980 4143 1167 4198 inconstantia
1191 4143 1287 4198 dele-

201 4225 326 4282 ctantur,
345 4215 409 4283 sed,
428 4213 505 4288 quod
520 4211 552 4269 in
569 4231 602 4268 ea
614 4214 651 4270 ad
661 4211 821 4271 libertatem
831 4210 1088 4270 nordmaniam
1098 4210 1287 4283 praesidium
