2658 4916
102 1987 104 1994 “
138 2037 139 2048 ,
202 1983 265 2040 ‘nisi
281 1983 575 2052 vehementer'tiallor,

719 327 793 400 tto
1269 429 1273 434 Ι

216 485 323 549 deinde
338 488 531 568 maximopere
541 489 703 564 gravantur,
722 487 837 565 qnando
845 463 974 559 rideant,
993 488 1058 562 eos',
1074 467 1292 568 quinunqrram

214 557 405 620 eruditionem
420 575 500 614 suam
517 568 660 644 sactafcnt,
678 575 724 613 res
741 557 851 614 facilius
868 555 1015 628 perficere,
1040 577 1110 633 qrras
1128 559 1186 631 ¹ipsi
1204 563 1292 618 omni

110 623 112 634 ⁴
208 645 267 683 sua
284 627 444 682 'eruditione
461 645 521 681 non
537 635 660 698 possent.
696 628 731 680 Ut
747 625 845 698 igitur,
865 634 893 679 et
908 643 976 680 suae
992 625 1174 698 impotentiae
1193 647 1290 684 excu-

213 695 354 751 sationem
370 695 512 762 inveuire,
531 703 559 748 et
577 692 663 748 simul
680 691 799 750 obruere
817 691 975 748 maledictis
993 713 1041 758 eos
1058 705 1188 765 possent,
1211 697 1290 752 iaci-

213 763 284 830 lius,
303 779 319 815 a
337 761 441 837 quibus
459 779 489 816 se
508 761 633 833 superari
645 779 704 816 non
716 761 777 816 sine
789 761 887 816 dolore
900 761 1033 829 sentiant,
1051 763 1103 818 hos
1117 762 1289 821 temerarios

213 838 330 897 vocant,
350 829 399 906 qui
418 847 448 886 se
466 831 527 886 sine
546 828 673 884 doctrina
690 829 724 882 ad
741 825 903 884 faciendum
917 830 1111 898 contulissent.
1146 833 1204 886 Sed
1218 833 1288 908 quis

212 905 273 952 tam
288 895 379 952 hebes
397 909 451 967 est,
471 899 542 974 quin
557 897 613 952 hoc
630 894 814 968 opprobrium
829 896 919 977 magis
936 894 973 950 ab
995 897 1104 954 invidia
1119 899 1286 970 inventum,

157 993 160 998 ·
213 984 301 1040 quam
323 965 448 1021 veritatis
472 983 568 1022 amore
591 964 699 1028 dictum
729 973 777 1018 aut
805 973 956 1034 repetitum
972 966 1093 1021 videat?
1118 965 1288 1025 inertibus

211 1033 292 1088 enim
308 1032 451 1108 plerisque
467 1034 507 1088 ita
524 1035 596 1088 solet
612 1033 755 1099 accidere,
778 1040 811 1086 ut
826 1031 874 1086 alii
890 1049 988 1087 earum
1010 1034 1125 1089 scientia
1147 1045 1287 1090 extume-

211 1110 305 1170 seturt,
324 1100 372 1168 alii
390 1101 595 1166 exercitatione
606 1101 770 1154 earumdem
788 1099 910 1171 prosint,
936 1099 968 1154 in
991 1103 1086 1172 paucis
1107 1103 1239 1159 'scientia
1261 1113 1287 1159 et

209 1169 286 1224 iacta
300 1164 522 1242 'conjungantun
562 1172 626 1224 Non
649 1167 727 1222 enim
749 1183 861 1238 semper
882 1168 1018 1224 Rhetores
1046 1166 1149 1238 bonos,
1180 1171 1214 1226 id
1245 1180 1286 1228 cst

211 1236 395 1312 eloquentiae
405 1237 560 1310 praeceptis
573 1245 602 1290 et
613 1233 724 1308 legibus
737 1235 977 1304 familiarissimos,
990 1235 1152 1308 prohabiles
1162 1257 1284 1315 quoque

210 1313 335 1362 oratores
353 1321 427 1373 esse,
446 1307 485 1361 ita
500 1315 602 1362 notum
619 1313 673 1371 est,
691 1304 857 1371 Auditores,
877 1313 908 1358 ut
922 1305 1191 1362 commemoratione
1202 1325 1281 1380 -opus

144 1411 150 1426 .
210 1389 276 1428 esse
290 1391 351 1430 non
367 1382 474 1443 putem.
508 1371 688 1428 Manifestum
704 1389 819 1446 quoque
836 1380 889 1440 est,
909 1371 1140 1443 aPlrilosophiae
1153 1383 1280 1446 etprae-

117 1451 120 1460 '
209 1440 309 1496 sertim
326 1441 439 1496 Ethicae
455 1440 566 1515 legibus
584 1440 621 1494 de
639 1439 698 1494 vita
713 1441 850 1512 regenda,
879 1439 921 1494 rei
943 1439 1087 1496 familiaris
1104 1458 1187 1510 cura,
1214 1461 1278 1499 mo-

208 1523 276 1562 rum
295 1509 439 1565 sanctitate
463 1519 492 1564 et
513 1505 653 1572 similibus
676 1505 762 1562 rebus
784 1508 843 1562 fere
864 1509 1033 1591 plemmque
1049 1527 1136 1632 {uam
1151 1511 1277 1566 maxime
1323 1555 1324 1566 .

208 1576 346 1632 medae
381 1577 431 1650 qui
447 1577 621 1648 professione
644 1593 697 1630 sua
719 1570 809 1630 velint
831 1575 992 1647 philosophi
1015 1575 1052 1630 ha
1074 1577 1123 1632 eri.
1154 1579 1275 1636 ‘videris

207 1641 319 1718 itaque,
337 1617 500 1714 liuditores,
518 1645 573 1700 hoc
585 1641 831 1720 jurisprudentiae,
846 1659 915 1698 cum
925 1641 1058 1700 omnibus
1069 1645 1123 1700 reli
1165 1646 1191 1702 is
1206 1649 1274 1703 arti-

150 1751 157 1772 ,
207 1709 265 1766 bus
282 1728 432 1768 commune
450 1729 525 1782 esse,
554 1721 587 1766 ut
605 1711 653 1766 alii
673 1729 733 1778 esus
753 1711 869 1766 scientia
892 1711 1080 1782 delectentur,
1111 1713 1161 1768 ari
1179 1725 1270 1770 conca

146 1821 151 1830 .
207 1797 274 1834 eam
290 1779 420 1838 iaciendo
436 1781 588 1837 illustrent.
620 1779 699 1834 Hinc.
708 1779 817 1848 nescio,
843 1779 912 1854 quid
932 1790 1106 1836 accusatores
1129 1783 1213 1863 possit
1227 1783 1265 1838 ad

206 1865 273 1902 eam
288 1847 466 1924 iniquitatem
481 1849 662 1919 compellere,
681 1855 712 1901 ut
729 1847 771 1914 id,
838 1847 875 1902 od
892 1847 924 1901 in
941 1848 1003 1904 aliis
1020 1847 1127 1904 artibus
1144 1867 1197 1904 sure
1211 1849 1258 1904 in·
1323 1897 1324 1908 .

205 1911 279 1986 juria
292 1915 381 1972 sciant
393 1916 454 1971 fieri
461 1957 468 1984 ,
487 1917 519 1970 in
531 1915 749 2038 jurisprudentia
760 1933 797 1970 no
810 1924 851 1970 int
863 1915 1018 1970 admittere.
1053 1919 1125 1970 Nam
1137 1917 1261 1988 profecto,

596 1984 701 2052 'uplex
717 1984 771 2037 iter
786 1983 831 2046 ad,
841 1997 938 2038 omnes
956 1994 1028 2039 artes
1045 1993 1135 2055 patet,
1152 1987 1268 2040 alterum

205 2052 338 2126 longum,
365 2070 509 2133 asperum,
532 2062 561 2120 et
577 2053 742 2126 molestum,
771 2052 848 2126 quod
864 2067 916 2120 per
933 2061 1080 2124 praecepta
1097 2061 1126 2108 et
1143 2052 1268 2123 discipli·
1323 2083 1324 2130 ,

204 2135 275 2175 nam
293 2137 407 2188 conam,
434 2140 484 2196 qur
502 2122 629 2178 doctores
646 2135 782 2194 cujusque
799 2119 865 2174 artis
886 2128 966 2200 sunt,
996 2119 1119 2188 ineatur,
1151 2123 1264 2175 alterum

204 2184 311 2257 breve,
337 2187 434 2257 facile,
462 2199 491 2244 et
523 2184 679 2253 ucundum,
705 2189 782 2260 quod
807 2187 869 2242 sine
892 2196 993 2241 comite
1016 2187 1076 2259 ipsc
1094 2188 1263 2262 experiundo

203 2256 298 2378 lplicatis
323 2257 475 2328 suscipere.
534 2255 584 2310 lud
608 2271 660 2325 per
682 2253 813 2328 ambages
837 2255 928 2322 ducit,
958 2255 1013 2310 hoc
1035 2263 1111 2311 recta
1133 2255 1266 2328 procedit,

240 2325 279 2389 ud
298 2323 333 2378 ad
351 2325 443 2380 laudis
459 2325 623 2390 vanitatem,
642 2321 697 2377 hoc
714 2323 750 2378 ad
767 2321 916 2377 utilitatem
933 2321 1105 2394 reipublicae
1121 2323 1226 2379 tendit.

157 2427 159 2432 ·
275 2391 330 2447 Sed
348 2402 433 2450 restat
450 2393 531 2447 tertia
547 2409 611 2462 pars
629 2390 824 2458 accusationis,
850 2409 923 2465 quae
940 2391 1133 2462 impudentiae
1150 2392 1268 2448 crimine

203 2469 317 2518 nostros
338 2459 450 2532 premit.
464 2460 555 2520 '‘Aitis
572 2457 770 2526 truculentiam
787 2469 815 2514 et
831 2458 1017 2532 arrogantiam
1029 2459 1060 2518 iu
1072 2458 1201 2515 vultibus
1215 2479 1270 2516 no-

203 2536 327 2582 strorum
355 2544 516 2598 expressam
536 2526 793 2583 videri:'clamore
817 2527 933 2582 eosdem
954 2525 1079 2597 judicum
1106 2545 1191 2584 aures
1216 2527 1271 2584 ob-

204 2597 326 2650 tundere
332 2613 341 2648 τ
357 2595 578 2651 verbisminime
587 2591 715 2649 honestis
725 2595 775 2648 uti.
810 2594 971 2662 Enimvero,
981 2595 1144 2676 Auditores,
1156 2613 1271 2666 vereor,

202 2679 242 2718 ne
263 2663 352 2718 risum
374 2661 456 2718 vobis
479 2672 612 2719 moveant
634 2671 692 2716 tam
709 2677 786 2717 acres
802 2679 914 2716 morum
932 2680 1077 2732 censores,
1119 2663 1148 2718 ui
1168 2663 1270 2735 impu-

203 2731 331 2786 dentiam
348 2729 629 2802 ferrenonpossunt.
664 2732 735 2782 Nam
748 2730 836 2786 nostis
846 2730 989 2800 protecto,
1001 2731 1102 2805 cuique
1137 2731 1273 2790 ominum

201 2799 302 2872 generi
319 2798 446 2870 proprios
464 2817 557 2853 mores
575 2815 649 2865 esse,
668 2797 703 2850 ad
722 2815 793 2870 quos
811 2814 841 2852 se
859 2799 952 2852 statim
970 2795 1071 2852 debeat
1084 2815 1271 2871 componere,

137 2928 140 2938 .
201 2866 366 2941 quicunque
384 2863 551 2939 agrrcsciab
570 2865 631 2919 aliis
650 2882 764 2950 quoque
774 2865 850 2920 velit.
886 2867 932 2920 Sic
940 2866 1055 2942 quando
1065 2865 1272 2940 quisfideliu'tn

138 2952 144 2969 ·
201 2935 296 3008 gregis
306 2942 401 3006 pastor
414 2933 579 2989 constitutus
593 2935 651 3001 est‘,
667 2941 760 2989 statim
778 2951 843 2988 eum
861 2934 958 2988 videas
970 2933 1049 3002 otoni
1066 2952 1150 3016 opere
1163 2934 1271 2992 elabo-

199 3019 280 3070 rare,
305 3011 337 3055 ut
357 3010 416 3056 toto
436 3018 553 3072 corpore
578 3001 641 3072 pius
659 3003 724 3064 etis
744 3003 852 3064 manus'
862 3001 999 3056 videatur.
1039 3001 1270 3074 Sit'vehemens,

199 3069 369 3137 iracundus,
384 3069 531 3142 turgidus,
545 3069 676 3125 frivolus:
695 3068 713 3142 p'
765 3087 794 3123 m
811 3067 932 3138 curabit,
957 3070 982 3125 si
998 3071 1085 3125 modo
1101 3069 1157 3124 hoc
1174 3089 1270 3126 unum

199 3146 367 3194 consecutus
379 3137 425 3204 sit,
445 3145 491 3204 ut,
510 3137 562 3216 qui
579 3155 643 3192 eum
662 3138 693 3192 in
709 3135 824 3208 publico
841 3137 1040 3208 procedentem
1052 3137 1189 3205 viderint,
1210 3157 1270 3210 pu-

165 3269 166 3272 ,
197 3214 261 3260 tent
278 3205 526 3274 humanissimum,
544 3203 773 3264 liberalissimum
790 3215 818 3260 et
833 3205 957 3260 maxime
974 3205 1151 3280 aequabilem
1170 3205 1270 3262 virum

157 3290 176 3340 η
198 3273 309 3346 sidere.
342 3273 457 3340 Medici,
477 3274 597 3347 acceptis
617 3273 733 3328 summis
751 3271 907 3328 bonoribus
925 3273 991 3330 artis
1009 3272 1152 3346 salutaris,
1170 3276 1269 3330 statim
1323 3299 1324 3302 ¹

194 3342 306 3414 'plateas
330 3339 471 3410 incipiunt
500 3340 697 3412 percursitare,
727 3340 779 3395 etsi
804 3358 892 3396 nernc
915 3341 964 3410 sit,
997 3342 1047 3416 qui
1070 3341 1157 3396 vitam
1182 3360 1266 3398 suam
1323 3379 1324 3382 =

198 3425 299 3462 eorum
320 3407 511 3478 experientiae
533 3407 688 3463 devoverit.
730 3407 843 3465 ludices
864 3411 965 3464 volunt
985 3409 1164 3464 severitatem
1181 3413 1267 3478 vnltu
1323 3449 1324 3452 =

197 3485 229 3530 et
245 3477 334 3531 oculis
351 3477 479 3546 prodere.
513 3475 627 3530 Philoso
649 3477 678 3530 hi
695 3477 839 3532 imitantur
855 3477 946 3531 risum
955 3477 1108 3532 Democriti
1123 3485 1155 3538 ‚et
1166 3495 1268 3532 rerum

197 3543 386 3598 humanarum
410 3552 592 3598 contemtum.
665 3543 823 3600 athernatici
847 3557 958 3616 semper
984 3543 1156 3600 tenebricosi
1183 3544 1266 3600 ince-

200 3609 283 3678 dunt,
311 3609 419 3664 vmilites
443 3608 536 3678 jurant
563 3620 594 3665 et*
614 3613 747 3680 clamant,
774 3622 807 3668 ut
831 3613 917 3668 iortes
940 3612 1102 3681 rideantur,
1130 3613 1259 3687 quamtis

197 3677 324 3734 hostium
341 3687 454 3750 aspectu
470 3678 621 3749 trepident.

266 3749 340 3801 Num
356 3745 440 3800 initur
456 3745 585 3816 pluribus
603 3748 739 3820 exemplis
758 3765 829 3819 opus
846 3747 894 3813 sit,
914 3757 945 3802 ut
961 3745 1043 3804 vobis
1057 3745 1266 3827 persuadeatis,

196 3829 291 3870 mores
315 3787 452 3868 artibcum
475 3823 503 3867 et
525 3815 602 3885 ipsas
626 3825 698 3870 artes
724 3817 825 3872 eodem
846 3817 934 3872 modo
951 3815 1090 3890 differre?
1117 3829 1119 3836 ’
1175 3816 1215 3870 od
1244 3834 1271 3871 ει
1323 3867 1324 3870 ,

104 3913 107 3923 =
182 3894 299 3958 'renuis
319 3891 374 3948 est,
429 3881 468 3934 rid
490 3883 696 3952 reprehenditis
713 3881 839 3952 rabulas,
861 3885 912 3966 qui
932 3882 985 3940 sub
1004 3883 1091 3966 signis
1109 3886 1135 3936 T
1158 3883 1274 3938 emidis

195 3949 349 4004 militantes
366 3949 406 4002 mi
418 3949 500 4003 itares
516 3967 623 4018 mores,
645 3952 795 4009 militarem
813 3962 981 4010 orationem.
1005 3951 1157 4010 militarem
1174 3949 1275 4007 habi-

169 4025 258 4074 tum
274 4015 436 4073 imitantur?
470 4019 544 4070 Num
561 4017 641 4072 aliter
657 4027 774 4090 possunt
791 4030 839 4074 aut
856 4019 983 4076 debent?
1063 4046 1116 4074 ι
1191 4065 1195 4074 ,

265 4083 375 4139 Videtis
394 4084 502 4164 itatpse,
521 4085 685 4154 Auditores,
705 4088 799 4161 qualia
817 4088 872 4143 sint
883 4088 1016 4156 crimina,
1035 4087 1158 4161 qaorum
1177 4103 1277 4142 causa

194 4149 313 4206 rabulae
329 4153 427 4206 ermes
445 4169 476 4206 rn
494 4169 555 4224 ipsa
571 4154 661 4224 patria
678 4164 713 4209 'et
730 4167 853 4222 extorres
870 4157 967 4212 rivere
989 4148 1161 4222 debd‘er‘tmt,
1187 4173 1277 4228 quo-

190 4235 260 4276 ·rum
284 4235 368 4277 causa
384 4221 576 4290 condemnati,
603 4221 688 4296 spreti
706 4233 734 4279 et
750 4223 866 4282 infamia
883 4223 1115 4292 notati-suerunt,
1137 4239 1278 4300 quorsum
