2658 4916
560 341 630 410 145
684 348 686 354 ’

54 525 107 586 nes
150 486 433 594 'itiam'bosperunt
449 495 486 554 ab
503 494 563 556 arte
579 459 858 624 snn'PhilosoBhiani
906 535 912 548 .

53 593 194 717 &gomi
201 565 235 658 pi
247 586 333 626 omne
345 569 472 626 studium
485 583 569 623 suum
582 568 618 622 ad
628 571 740 636 rosas,

913 485 937 586 ¹,
951 494 1061 584 ithesin
1078 522 1124 562 se·

223 640 267 712 de,
289 629 473 711 Philosophia
498 639 525 689 et
550 634 671 704 Mathesi
701 577 1123 706 veiernrbiorlibriiitoeolgriiiilibi

53 712 152 788 ltaque
175 708 280 764 melius
302 705 379 760 haud
405 701 492 758 dubie
512 703 561 760 isti
585 703 668 778 aetati
688 703 725 758 ad
746 703 820 758 hano
837 703 997 760 facultatem
1017 724 1124 764 consu-

5 813 7 820 ,
53 783 148 834 locent
163 775 326 831 scholarum
342 768 468 844 magistri
504 771 655 842 sipraeter
670 788 735 840 eos,
753 787 826 846 quos
838 771 975 842 diximus,
994 771 1124 846 inprimis
1197 836 1211 848 ,Α

55 842 270 928 philosophiam
290 839 434 896 Ciceronis
451 811 555 920 libros,
573 835 642 896 item
658 837 858 920 detrimentem,
875 849 904 896 et
919 839 1043 924 {linium
1060 861 1124 900 me-

67 924 145 970 orem
195 919 243 964 aut
273 909 397 964 delectos
424 924 461 961 ex
488 925 524 963 ns
551 909 629 962 locos
656 923 840 980 insigniores,
868 910 977 978 explica
992 919 1054 987 ent,
1085 914 1123 978 ad
1186 933 1194 978 3

55 932 480 1053 inandumqueproponerem.
514 975 526 1028 1
595 973 711 1032 setiam
728 974 784 1055 hec
801 927 996 1056 nomine'Cbit
1006 978 1125 1036 Gesneri

60 1023 206 1104 et⁶lleusin
225 1046 266 1099 eri
278 1042 400 1114 labores,
413 1059 485 1124 qnos
494 1042 543 1098 ille
576 1041 794 1122 hrastomatluae
805 1031 1007 1125 Ciberomanae
1019 1061 1052 1119 ac
1063 1049 1123 1102 Pli-
1151 1072 1154 1088 ‹

59 1115 161 1174 manae
177 1130 212 1168 oo
252 1111 386 1178 ciendae,
404 1111 452 1164 luc
471 1119 564 1173 autem
574 1109 727 1182 seligendis
743 1116 871 1164 veterum
887 1111 978 1192 locas,
990 1111 1124 1172 derebus

58 1183 94 1238 ad
107 1179 295 1252 Theologiam
309 1179 467 1234 naturalem
483 1187 512 1232 et
526 1176 685 1232 doctrinam
697 1194 810 1233 monim
826 1177 1046 1258 pertinentibus,
1065 1182 1123 1238 im-

58 1247 172 1322 pendit,
210 1247 261 1301 rati
276 1263 338 1304 esse
349 1255 377 1300 et
387 1244 505 1325 jucundi
519 1243 626 1300 debent
635 1243 685 1312 iis,
705 1243 810 1326 quiaut
825 1244 880 1315 apsi
898 1247 934 1326 id
945 1245 1124 1320 hancp'olite

58 1263 218 1376 dissonuit
232 1314 393 1370 facultatem
403 1313 562 1388 adspirant,
580 1312 676 1366 autad
691 1329 754 1366 eam
764 1313 833 1371 ahos
844 1321 961 1394 cupiunt
972 1314 1123 1374 adducere,

125 1388 199 1440 llam
216 1381 293 1458 qarod
304 1381 437 1438 nonnulli
449 1379 623 1446 existimant,
641 1397 691 1435 eos
701 1375 802 1448 libros,
821 1379 870 1454 qui
883 1399 915 1434 ln
926 1381 1124 1454 Philosophiae

59 1452 154 1529 aliqua
172 1459 251 1522 parte
267 1459 429 1516 consentin,
451 1465 511 1502 non
528 1465 590 1504 esse
606 1447 831 1522 accommodatos
849 1447 895 1502 isti
912 1451 1007 1527 aetati,
1030 1469 1050 1507 n
1098 1471 1125 1508 se

60 1519 96 1575 ab
113 1539 146 1576 ea
164 1517 287 1591 intelligi
303 1533 400 1589 posse3
425 1516 455 1570 id
473 1531 588 1584 vereor,
612 1524 643 1569 ut
660 1514 727 1570 satis
743 1513 965 1590 intelligentibus
981 1471 1129 1592 ludimfflrs

61 1587 190 1658 probent.
214 1588 287 1659 'Ego
307 1585 425 1659 quidem
447 1579 550 1651 fateor,
576 1599 623 1637 me
646 1595 794 1662 nunquam
815 1601 852 1637 ne
869 1584 924 1640 hoc
941 1585 1058 1660 quidem
1075 1588 1125 1642 ia-

63 1656 186 1728 telligere
208 1653 348 1725 potuisse,
371 1651 517 1727 quomodo
540 1650 624 1706 alicui
648 1660 757 1705 venerut
778 1669 810 1704 ru
826 1660 963 1721 mentem,
987 1663 1020 1708 ut
1035 1652 1135 1714 libros·

63 1737 123 1790 ecs,
148 1723 197 1798 qui
220 1722 257 1775 de
275 1719 389 1787 officiis,
411 1717 601 1786 deamicitia,
626 1715 663 1772 de
680 1727 837 1798 senectute,
863 1720 899 1773 de
916 1719 1125 1799 inmortalitate

63 1790 162 1859 animi,
180 1791 216 1846 de
228 1784 621 1858 virtute,1pertrrrbationibus
635 1786 736 1853 ammi,
755 1785 899 1841 denatura
910 1787 1023 1858 divina,
1043 1791 1123 1848 simi-

61 1855 172 1913 libnsve
190 1856 361 1928 argumentis
379 1863 564 1926 exponerent,
584 1851 761 1910 obscuriores
778 1853 812 1908 ad
828 1855 1056 1931 intelligendum,
1075 1871 1127 1916 aut

65 1923 233 1980 difficiliores
243 1923 279 1978 ad
292 1941 327 1978 ex
348 1923 493 1978 temdum
506 1930 628 1992 putaret,
649 1921 773 1992 epistolis
788 1920 946 1998 Ciceronisp
961 1924 992 1986 in
1005 1943 1125 2000 quarum

67 1993 209 2060 permultis
222 1993 270 2048 'de
294 1939 381 2046 rebus
403 1988 525 2060 publicis
572 2007 608 2044 ex
634 1989 736 2044 intima'
759 1988 884 2045 Civitatis
907 1993 1126 2050 Romanaede-

67 2057 215 2127 scriptione
237 2077 270 2114 ac
290 2059 454 2130 disciplina,
479 2067 507 2128 et
529 2027 647 2112 bistonio
664 2057 778 2112 illorum
795 2067 968 2133 temporum,
989 2062 1126 2142 scriptum
1167 2131 1171 2138 Ι

66 2134 124 2180 est:
142 2141 207 2180 cum
222 2127 271 2182 illa
287 2126 405 2202 quidem
421 2125 479 2180 siut
495 2142 532 2180 ex
549 2141 583 2180 eo
597 2141 715 2197 genere,
737 2125 814 2198 quod
832 2126 950 2194 juvenili
966 2137 1047 2183 aetati
1065 2149 1126 2202 non¹

65 2191 222 2259 inauditum
240 2205 292 2262 est,
309 2211 404 2270 neque
422 2191 539 2248 omnino
556 2192 746 2264 incognitum
764 2192 835 2248 haec
850 2203 943 2248 autem
960 2197 1046 2268 longe
1065 2197 1125 2265 ejus

66 2270 178 2339 captum
194 2271 338 2338 superent,
357 2273 405 2318 esst
423 2260 719 2331 saltemjnterpretem
738 2260 898 2314 desiderent
913 2263 962 2318 lon
983 2281 999 2316 e
1017 2265 1124 2324 doctis-

65 2345 185 2396 simum3
212 2347 290 2398 onius
313 2330 422 2400 generis
443 2328 529 2398 pauci
549 2327 735 2399 reperiuntur.
770 2331 806 2384 Et
822 2338 915 2383 tamen
932 2347 971 2384 nu
995 2333 1126 2392 aschelo
1205 2327 1209 2334 ⁸

66 2403 123 2461 est,
142 2396 173 2450 iu
191 2415 249 2472 qua
267 2398 382 2470 quidem
398 2396 486 2452 latina
502 2405 667 2463 tractentur,
685 2394 764 2465 cujus
782 2397 906 2469 magistri
919 2415 979 2454 non
993 2401 1126 2470 epistolas
1163 2399 1165 2402 ’

66 2460 210 2520 Ciceronis
228 2463 357 2536 inprimis
370 2464 478 2535 ,puerili
496 2465 579 2520 aetati
594 2463 660 2518 'satis
681 2473 790 2518 mature
807 2475 973 2535 proponant.

95 2529 99 2536 '
133 2533 231 2613 Neque
254 2542 348 2586 tamen
369 2533 442 2589 hanc
463 2549 550 2590 unam
567 2549 629 2586 esse
646 2540 858 2603 putocausam,
882 2551 955 2606 quae
972 2534 1065 2605 saciat,
1094 2547 1130 2596 ut

65 2598 226 2666 paucissimi
249 2597 391 2654 derebus
417 2602 452 2655 ad
475 2598 686 2672 Philosophiam
709 2609 737 2654 et
758 2600 898 2656 Mathesin
920 2603 1125 2670 pertinentibus

65 2665 153 2734 polite
176 2670 286 2738 possint
311 2665 450 2735 scribere,
484 2667 697 2741 disserendique
728 2667 866 2739 elegantia
915 2666 1059 2726 nubentur.
1094 2671 1126 2730 Si

63 2733 155 2801 enim,
175 2745 221 2790 ant
239 2735 288 2812 qui
304 2734 356 2790 has
375 2736 537 2808 disciplinas
555 2733 719 2806 profitentur
756 2746 871 2806 possent
907 2738 999 2793 esuis
1018 2739 1127 2797 artibus
1158 2800 1164 2812 ,

61 2800 149 2856 latine
166 2804 373 2885 commodeque
391 2805 499 2871 dicere,
523 2813 572 2858 aut
587 2803 623 2872 ii,
690 2803 699 2858 i
716 2775 885 2858 discentium
902 2805 1000 2860 studiis
1018 2825 1070 2878 pro
1090 2828 1125 2866 o-

62 2878 183 2946 culitur,
205 2870 272 2924 libri
289 2871 393 2938 launi,
412 2881 507 2926 essent
525 2890 584 2928 non
601 2889 649 2926 mo
671 2891 688 2927 o
706 2889 722 2924 a
740 2869 983 2936 barbarismorum,
994 2826 1126 2934 sordibus

82 2954 139 3003 urs,
161 2939 213 2994 sed
224 2939 317 2993 etiam
334 2939 370 2994 ad
388 2939 549 2995 universam
559 2948 688 2994 veterum
702 2939 858 2998 disserendi
869 2948 994 2994 exactam
1007 2943 1126 3000 samiam

62 2951 127 3058 buti
140 3014 168 3060 et
180 3005 346 3076 compositi:
365 3025 425 3062 non
436 3005 551 3074 dubito,
590 3006 640 3060 nin
650 3025 685 3060 ex
699 3024 732 3062 ea
742 3015 770 3059 et
780 3007 923 3060 ariditione
931 3047 939 3074 ,
961 3017 988 3062 et
994 3010 1126 3080 lectione,

62 3073 150 3126 veluti
173 3076 344 3146 contagione
369 3073 507 3147 quadam,
531 3025 613 3128 mriiti
634 3074 794 3128 facultatem
817 3071 891 3127 bene
912 3075 948 3128 de
973 3074 1018 3131 his
1039 3077 1129 3136 rebus

61 3135 206 3198 scribendi
232 3151 326 3197 essent
347 3142 470 3198 traotssri.
515 3140 587 3209 Cum
609 3141 711 3208 enims
728 3141 777 3215 qui
802 3158 893 3210 nuno,
920 3152 953 3196 nt
974 3144 1030 3199 hoc
1053 3147 1131 3215 utar',¹

60 3205 261 3281 Philosophiae
284 3209 398 3278 Wolfii,
423 3211 460 3264 p,
480 3209 511 3264 G.
533 3225 647 3330 operam
669 3209 750 3274 dant,
773 3209 808 3262 ad
826 3227 916 3264 unum
936 3210 994 3288 lese
1017 3229 1125 3282 omnes,

59 3289 119 3326 non
134 3287 325 3352 assequentur
340 3278 442 3346 modo,
462 3279 513 3332 sed
529 3295 548 3347 p
562 3294 697 3350 ecumque
714 3276 798 3330 etiam
816 3287 950 3356 superent
966 3295 1025 3348 elus
1039 3282 1127 3338 latine

59 3337 203 3401 scribendi
224 3361 332 3418 genuse
348 3361 398 3399 cur
409 3363 469 3410 non
480 3357 544 3416 spes
558 3345 605 3412 sit,
626 3361 797 3418 quamquam
806 3343 915 3399 facilior
929 3355 971 3400 est
981 3347 1126 3418 vitiorum,

60 3424 147 3478 quam
164 3413 304 3468 virtutum
323 3413 455 3480 imitatio,
480 3423 574 3495 tamep
591 3412 668 3467 idem
685 3411 716 3466 in
732 3411 993 3467 Mathematiccrum
1012 3425 1039 3470 et
1057 3417 1127 3470 Phi-

56 3473 247 3546 losophorum
265 3482 408 3553 eleganter
425 3477 609 3536 scribentium
626 3497 659 3534 ac
670 3479 866 3534 disserentium
879 3480 1023 3552 discipulis
1037 3501 1127 3540 even·

55 3545 173 3599 cunum?
200 3552 284 3603 Nunc
302 3558 394 3602 autem
411 3565 477 3606 cum
494 3550 567 3617 apud
582 3565 635 3604 nos
647 3545 805 3620 gennanica
815 3546 911 3618 lingue
925 3565 1023 3606 omnes
1037 3569 1128 3630 paene

57 3607 173 3667 Philoso
195 3616 300 3670 horum
320 3625 349 3668 et
363 3615 627 3677 Mathematicorum
641 3614 751 3670 scholas
770 3611 910 3681 obtineat,
932 3624 973 3683 et,
999 3635 1048 3692 qni
1066 3621 1128 3673 ele-

58 3633 376 3756 menta-philosophiae
393 3694 421 3737 et
437 3681 595 3738 Metheseos
612 3683 739 3756 tradunt,
757 3679 850 3735 libelli
867 3683 996 3762 plerique
1016 3685 1073 3740 sint
1090 3685 1127 3740 ab

58 3740 229 3820 hominibus
256 3748 359 3804 latinae
382 3752 497 3831 linguae
520 3749 673 3820 imperitis,
707 3757 734 3804 et
760 3749 890 3820 puritatis
915 3750 1069 3808 elevantiae
1101 3773 1127 3809 ue

57 3824 181 3864 minime
203 3813 353 3882 studiosis,
378 3819 488 3886 scripti,
514 3818 584 3894 quid
604 3818 780 3884 mirandem,
805 3817 931 3872 sinemo
958 3837 1008 3884 ,ere
1028 3821 1063 3874 de
1101 3821 1127 3877 is

58 3873 167 4014 ἑῖἰέἐίθ
167 3879 218 4002 ³13
227 3879 339 3984 ²scribit
363 3893 391 3938 et
415 3886 503 3954 dicit,
522 3897 554 3942 ut
575 3886 679 3944 veteris
703 3885 857 3958 elegantiae
882 3885 986 3942 latinae
1009 3889 1126 3964 vestigia

485 4127 695 4144 —t-——a-ffl
