2658 4916
691 353 786 429 148·

194 516 298 570 ritibus
317 523 347 572 at
361 518 543 584 ceremoniis,
561 517 716 572 sententiae
734 515 981 584 animadrertnnt,
997 517 1076 576 lerro
1097 524 1126 570 et
1140 515 1275 572 dammis

194 579 357 652 absumere,
382 584 425 638 las
443 601 506 638 esse
524 593 648 640 censent.
683 585 797 638 llorror
813 587 938 648 animuin
955 579 1051 650 saliit,
1075 588 1187 659 quoties
1208 588 1274 641 Fu·

195 668 291 708 rorem
318 655 347 705 la
377 655 464 707 caede
492 656 661 706 miserorum
682 651 866 708 bacchantem
891 669 1002 708 mecum
1027 656 1198 721 considero,
1229 664 1274 721 et,

196 723 332 790 quantam
354 720 467 775 humani
485 723 630 792 sanguinis
648 723 684 774 ab
701 723 738 774 iis
756 721 849 776 lusum
867 723 922 788 sit,
946 724 1056 792 cogito,
1101 726 1129 776 ui
1149 737 1180 775 se
1201 739 1274 794 reg·

195 805 262 842 num
276 787 333 842 Dei
350 789 525 859 amplificare
542 797 628 908 atpue
645 792 743 843 orbem
762 797 903 846 terrarum
920 790 1034 848 felicem
1047 739 1167 844 reddere
1177 791 1274 860 relle,

216 855 402 912 loriabantar.
438 859 467 912 Si
492 859 579 910 crude
592 859 690 918 issima
707 857 783 912 bella
799 859 837 910 ob
855 859 1003 930 religionis
1021 860 1178 912 doctrinam
1199 877 1273 913 eon·

195 873 279 990 flata,
295 928 381 978 urbes
399 927 537 996 plurimas
554 928 683 979 incensas
701 934 787 1046 atqpe
805 941 932 992 eversas,
952 934 997 980 tot
1013 927 1103 979 millia
1118 927 1274 980 hominurn

115 992 121 1004 “
196 995 390 1046 acerbissimis
412 995 559 1063 suppliciis
577 1002 695 1048 enecata
712 1009 756 1047 ess
782 1033 789 1058 ,
815 996 967 1048 recordor:
999 996 1025 1047 si
1043 1011 1124 1048 ontne
1141 997 1274 1048 crudeli·

196 1063 267 1114 tatis
284 1075 372 1132 genus
390 1077 498 1116 mecum
518 1069 634 1131 reputo,
652 1065 681 1116 in
694 1063 849 1132 Hispania,
868 1063 1033 1128 Lusitania,
1051 1063 1161 1127 Gallia,
1180 1064 1272 1118 ltalia

196 1131 286 1183 abiis
305 1130 446 1184 'udicibus
464 1131 587 1194 editum,
612 1134 660 1200 qui
679 1133 780 1184 animis
797 1129 940 1185 homiuum
958 1134 1115 1200 imperare,
1139 1136 1272 1186 omnent»

131 1219 137 1225 ·
198 1211 253 1266 que
276 1147 439 1252 lidertatem
458 1199 617 1251 durissimis
635 1200 746 1270 legibus
766 1201 928 1269 opprimere
946 1202 1067 1253 audent:
1100 1201 1125 1252 si
1142 1201 1215 1252 inde
1233 1201 1269 1254 ab

197 1265 309 1334 aliquot
326 1268 430 1319 seculis
447 1268 563 1320 immani
581 1267 661 1320 rabie
678 1269 707 1320 in
724 1283 847 1337 corpora
863 1269 1032 1321 miserorum
1050 1269 1207 1333 saer-itum,
1227 1280 1269 1322 at·

198 1335 253 1404 ‘que
267 1331 417 1454 puota‘nnis
433 1335 625 1388 tristissimum
644 1334 750 1388 luroris
764 1336 957 1406 spectaculum
971 1337 1078 1390 editum
1094 1351 1171 1402 esse,
1192 1339 1268 1406 eJns÷

182 1416 251 1472 ¹true
282 1403 408 1456 oeditate
426 1404 523 1457 oculos
541 1405 584 1456 ita
601 1419 718 1472 pascere
735 1401 863 1456 homines
880 1406 989 1474 cogito,
1008 1412 1041 1458 ut
1055 1403 1191 1472 frequens
1204 1407 1266 1476 rogi
1318 1421 1319 1438 ¹

198 1477 228 1523 et
250 1469 340 1540 gladii
365 1473 516 1540 adspectus
537 1487 648 1524 sensum
673 1487 784 1525 omnem
806 1471 992 1525 humanitatis
1014 1487 1050 1526 ex
1068 1474 1175 1525 animis
1190 1474 1264 1526 dele·

197 1537 273 1590 risse
298 1540 442 1593 rideatur:
464 1540 488 1592 si
507 1541 606 1593 annuis
623 1539 704 1593 feriis
722 1541 845 1600 Tolosae
862 1540 941 1594 illius
959 1541 1016 1594 diei
1034 1543 1204 1594 memoriam
1224 1558 1264 1595 re-

127 1621 129 1624 ·
197 1608 299 1660 novari
317 1607 422 1671 audio,
443 1623 498 1676 quo
523 1608 591 1660 oli'm
610 1623 696 1661 saera
714 1609 817 1680 religio
834 1611 893 1662 tria
910 1607 1001 1662 millia
1017 1607 1163 1661 hominum
1179 1611 1262 1662 inter·

167 1695 173 1704 ¹
199 1675 284 1739 emit:
331 1676 416 1746 ulque
442 1676 549 1728 utinam
574 1691 646 1729 aero
665 1677 796 1730 excidat!
822 1679 848 1729 ai
868 1693 980 1730 mecum
999 1677 1166 1741 considero,
1193 1678 1259 1732 alios

104 1768 109 1775 =
198 1744 228 1794 in
248 1691 408 1812 squadidum
434 1759 576 1796 car-cerem
601 1747 721 1812 conjici,
752 1745 827 1798 ieme
855 1751 941 1813 atque
965 1745 1135 1798 verberibus
1155 1753 1254 1800 tauma

197 1825 254 1862 uon
279 1813 391 1876 nectari,
413 1807 523 1871 liberos
547 1813 713 1880 parentibus
738 1814 810 1881 eripi
832 1820 918 1882 atque
939 1814 1143 1882 superstitione
1164 1813 1247 1876 indui,

198 1877 273 1932 alios
291 1879 373 1933 bonis
390 1881 516 1949 paternis
530 1883 610 1944 erui,
630 1882 814 1950 omnibusque
828 1883 970 1936 aerumnis
979 1879 1072 1934 attici:
1091 1883 1173 1949 (quad
1184 1880 1250 1932 enim

198 1961 397 2001 aerumnarum
421 1963 510 2016 genua
533 1965 589 2001 non
606 1950 642 2001 ab
659 1949 695 2002 iis
713 1951 873 2018 excogitari
890 1955 1008 2021 potest,
1027 1949 1076 2017 qui
1094 1965 1147 2001 nec
1162 1950 1253 2018 princi·

197 2031 264 2084 pum
288 2017 366 2068 ritae
383 2022 517 2085 parcunt,
536 2032 691 2086 regumque
709 2019 844 2086 sanguine
861 2031 961 2070 marrus
977 2015 1128 2072 inliciunt-i
1151 2024 1200 2070 aut
1216 2017 1258 2068 cui

166 2104 175 2153 j
195 2083 349 2204 pacandius
367 2091 426 2148 est,
456 2086 586 2138 omnibus
603 2087 695 2154 modis
713 2084 840 2138 homines
859 2085 1039 2150 excruciare,
1070 2101 1154 2154 quam
1172 2085 1259 2138 fratri·

220 2169 253 2204 us
277 2152 494 2217 liusenbaumil,
527 2154 628 2208 iisdem
650 2169 684 2205 ue
703 2154 875 2220 Clementis,
907 2152 1062 2206 llavaillaei
1087 2162 1117 2205 et
1136 2153 1260 2206 Damieoi

198 2218 401 2286 lantoniensi)
415 2221 440 2272 ai
464 2235 516 2274 nec
540 2228 605 2290 post
628 2171 689 2274 Fata
704 2221 831 2279 furorem
850 2223 1002 2290 quiescere·
1015 2221 1117 2286 audio,
1146 2221 1260 2274 mortuis

218 2287 325 2342 ulceris
348 2289 454 2358 exigua
473 2305 591 2342 munera
607 2289 743 2356 subduci,
775 2306 826 2344 nec
843 2290 999 2344 communis
1018 2291 1144 2342 omnium
1160 2297 1261 2344 morta·

198 2303 269 2408 Fiam
286 2358 388 2409 matris
407 2360 581 2426 operimento
601 2360 731 2412 exanima
748 2373 870 2427 corpora
887 2359 1041 2420 obduci*)=
1063 2357 1191 2426 gelidum
1210 2365 1262 2410 tre·

199 2439 309 2478 morem
329 2441 380 2496 per
400 2427 597 2480 ossa‘eurrere
615 2427 722 2492 sentio,
744 2441 811 2491 nec,
829 2443 887 2495 qua
902 2427 1041 2480 orationis
1058 2428 1202 2495 gravitate
1216 2428 1263 2478 ita-

199 2493 344 2546 manitatis
357 2491 408 2546 illa
420 2494 490 2546 satis
505 2496 639 2564 exprimi,
659 2509 712 2548 nec
724 2495 826 2616 puibus
837 2495 990 2554 verborum
1004 2493 1151 2548 lenociniis
1165 2496 1265 2547 eadem

199 2560 328 2632 mitigari
353 2563 457 2632 possit,
486 2577 532 2614 me
549 2563 639 2616 intelli
662 2577 711 2616 ere
742 2570 832 2616 eteor.
866 2563 974 2616 Nostra
990 2563 1090 2626 verba,
1121 2563 1265 2630 querelae,

198 2629 335 2683 lacrimae
347 2627 422 2682 'nihil
440 2630 593 2700 proficiunt
610 2649 627 2683 a
660 2632 884 2685 misericordiam
901 2631 1139 2684 commovendam.
1173 2631 1265 2693 Deua,

201 2697 281 2750 Deus
293 2697 371 2750 solus
384 2705 495 2751 atroces
507 2701 615 2753 animos
624 2699 750 2764 flectere,
762 2715 871 2768 suoque
881 2700 995 2752 numine
1007 2699 1153 2752 durissima
1161 2712 1264 2750 earnra

105 2769 108 2776 '
199 2765 315 2834 ingenia
330 2765 460 2818 emollire
473 2767 586 2886 potest,
605 2783 675 2835 quos
685 2783 736 2820 nec
751 2781 848 2821 rocem
862 2774 994 2831 naturae,
1015 2766 1178 2820 detestantis
1189 2763 1266 2818 haue

199 2834 364 2898 saevitiem,
395 2849 448 2887 nee
493 2837 618 2888 ominum
645 2835 862 2889 lamentationes
886 2835 1004 2901 audire,
1033 2841 1077 2890 tot
1098 2834 1267 2888 trinomius

200 2915 282 2954 exem
304 2901 331 2954 la
350 2903 567 2964 docuerunt**l.

296 2986 328 3023 os
345 2967 471 3035 re'ro„o
489 2971 559 3035 mei,
584 2969 656 3023 illud
674 2987 789 3041 operam
809 2969 923 3035 denaus,
942 2977 976 3023 ut
993 2970 1095 3022 iisdem
1112 2969 1265 3034 australe·

199 3038 309 3104 nitate,
328 3046 481 3108 nostraque
500 3053 569 3110 erga
585 3037 772 3093 omnes'alios
789 3039 965 3092 humanitate
982 3037 1179 3102 ostendamus,
1198 3037 1265 3090 nihil

113 3157 117 3169 ,
199 3105 264 3160 Deo
288 3109 379 3176 magia
401 3107 531 3176 placere,
560 3107 629 3160 nihil
655 3108 881 3162 christianorum
903 3108 1017 3160 nomine
1040 3107 1168 3176 dignius,
1199 3105 1264 3158 nihil

200 3175 351 3227 amabilius
369 3190 431 3227 esse
448 3175 500 3228 illo
517 3175 639 3229 hominis
656 3179 768 3243 animo,
787 3177 836 3246 qui
850 3191 886 3228 ea
901 3189 1045 3244 quemque
1058 3176 1166 3227 sentire
1178 3176 1264 3242 patia-

198 3249 278 3308 tur„
301 3257 353 3296 uae
371 3259 439 3295 vera
454 3259 515 3296 esse
533 3245 588 3297 sibi
607 3247 762 3314 persuasit,
789 3253 890 3312 atque,
907 3245 933 3296 si
951 3243 1087 3306 eundem,
1106 3244 1264 3296 examinata

199 3325 234 3363 re
260 3259 493 3380 diiigeotissime,
525 3314 554 3364 in
578 3327 677 3366 errore
701 3314 810 3366 versari
832 3311 994 3382 intelligat,
1024 3325 1080 3362 non
1098 3312 1143 3374 vi,
1172 3312 1260 3372 minis,

199 3379 327 3432 clamore
347 3378 429 3432 illum
453 3381 658 3449 adgrediatur,
684 3391 733 3434 aut
756 3383 860 3434 bonurn
885 3381 977 3432 airum
1004 3393 1066 3430 esse
1089 3386 1191 3448 neget,
1221 3377 1261 3432 sei

200 3447 259 3498 leni
283 3452 369 3514 atque
397 3448 511 3516 placida
534 3449 647 3514 ratione
671 3451 701 3502 in
726 3451 802 3504 viam
826 3448 962 3502 reducere
980 3447 1112 3514 studeat,
1144 3463 1215 3515 nee,
1244 3446 1264 3498 si

199 3635 225 3689 '³
253 3635 310 3736 la
331 3633 882 3752 litemus-t,tretlle‘eftidf
897 3656 926 3666 “

158 3779 163 3795 .
258 3749 359 3810 Deny‘d
378 3747 419 3794 tlte
444 3749 461 3792 C
477 3749 547 3807 urlty
568 3749 602 3810 os
622 3749 700 3801 Drusi,
724 3755 751 3793 to
773 3750 866 3814 spread

144 3820 146 3828 ,
217 3871 220 3880 ¹
260 3804 316 3850 (Μ
337 3805 422 3852 Dm!
445 3819 461 3848 ⁰
484 3805 588 3866 ΜΨ
611 3805 953 3918 ‘di'ss'nffssiiaiffirre
969 3857 1059 3909 aare.

200 3941 222 3961 sa
254 3935 257 3942 ’
303 3935 309 3962 t
381 3933 387 3948 ⁸
452 3931 458 3946 “
486 3930 491 3942 “
553 3933 561 3948 ·
606 3946 611 3961 ι
803 3934 808 3944 “
826 3933 832 3948 a

228 3932 309 4040 ’iit
328 3943 434 4042 ‚letti
447 3935 727 4037 ‘tiltt'iiis‘l't
741 3934 1029 4050 ,liliam-W.

261 4047 311 4096 litai
331 4054 389 4094 veut
410 4047 433 4090 le
453 4047 500 4106 fer
522 4063 551 4091 en.
573 4048 642 4096 moin
666 4047 790 4092 conuertir
812 4049 848 4093 let
870 4050 986 4100 nrortels,
1043 4081 1047 4090 .

261 4103 311 4152 llua'
331 4106 364 4146 riu.
385 4117 447 4160 rnrrg
469 4102 596 4156 teretique
618 4119 703 4148 errore
726 4105 760 4147 lea
784 4105 884 4157 Autelt,

208 4163 210 4170 ’
261 4159 293 4202 Et
316 4159 418 4204 statuunt
441 4175 476 4204 uu
494 4161 566 4218 sarua
589 4162 640 4204 acle
663 4161 678 4204 ὰ
700 4155 811 4204 tineent
831 4171 897 4212 pour
919 4162 1008 4219 gulde,

259 4215 296 4262 Ne
318 4222 369 4261 rert
390 4231 426 4262 uu
450 4217 515 4264 Dira
539 4219 566 4262 de
586 4217 664 4270 nais,
690 4228 735 4272 que
756 4227 802 4276 spur
827 4219 866 4262 ries
889 4217 1030 4266 homicides.

742 4274 881 4322 Heminae-²
901 4275 946 4320 Cir.
959 4273 994 4322 ll.
