2658 4916
549 367 646 438 iro
727 321 758 386 7

64 538 184 591 »trustra
201 547 232 586 se
249 527 323 586 hunc
339 525 468 585 laborem
486 519 645 600 suscepisse
663 505 888 594 animadvertat,
904 527 1043 584 iden'ullo
1055 529 1141 584 naon

64 606 116 660 iili
135 609 252 656 noceat:
279 603 328 670 qui
345 601 485 654 neminem
505 615 620 664 eorum,
637 601 666 652 in
686 600 787 666 quibus
801 613 930 652 ,aurorem
949 599 1064 651 virtutis
1082 605 1141 656 stu·

71 675 211 740 diu-'mque
236 672 358 732 invenit,
386 669 422 723 ob
447 669 610 736 opinionum
638 669 832 721 diversitatem
859 669 924 720 odio
943 674 1143 734 prosequatur,
1230 685 1233 690 ·

71 749 126 796 aut
149 740 271 793 inrisum
297 738 373 806 pleiri
391 737 661 809 redderesconetui:
689 735 737 804 qui
755 752 810 808 non
826 735 920 788 solum
938 737 1035 787 olnnes
1053 734 1143 788 hnmi-

70 827 124 864 nes
147 809 317 877 cognatione
339 807 415 858 inter
440 819 471 857 se
493 805 632 857 contineri
655 803 816 869 existimet,
847 801 1015 924 crpus'lraec
1032 805 1076 856 ris
1094 805 1143 868 sit,

72 886 107 932 ut
131 891 163 930 se
188 889 285 928 amare
307 874 427 926 invicem
452 873 573 925 debeant
591 881 676 952 atque
691 875 807 942 Juvare,
831 872 867 923 'se
904 869 1009 922 nullam
1030 885 1143 939 quoque

74 945 301 999 christianornm
324 947 430 994 sectam
454 942 526 994 adeo
549 943 699 994 recessisse
724 947 839 992 censeat
861 955 878 991 a
901 940 989 991 divini
1012 935 1146 1010 magistri

76 1013 224 1076 doctrina,
243 1013 311 1078 quin
328 1009 420 1062 multa
437 1023 507 1062 vera
524 1016 554 1061 et
570 1009 645 1060 bon'a
662 1007 782 1070 habeat,
799 1023 851 1060 nec
869 1022 930 1060 esse
948 1007 1035 1060 ullam
1054 1004 1143 1061 omni·

75 1084 131 1135 bus
146 1081 271 1133 numeris
289 1077 461 1146 perfectam,
481 1077 622 1144 nullisque
641 1077 737 1129 naevis
755 1073 942 1128 deformatam
951 1089 962 1128 r
982 1077 1031 1142 qui
1048 1077 1144 1130 ,Deum
1211 1107 1212 1110 =

75 1150 129 1204 illo
147 1148 318 1202 decretorio
329 1147 375 1198 die
393 1161 447 1197 non
467 1146 689 1213 disputationum
707 1143 909 1207 subtilitatem,
931 1158 983 1196 noc
1001 1146 1144 1212 quaestio·

76 1233 145 1271 num
163 1215 324 1270 difficilium
342 1215 548 1282 cognitionem,
567 1213 616 1264 sed
635 1214 750 1265 virtutis
767 1213 906 1275 studium,
924 1213 1058 1280 vitaeque
1073 1213 1146 1266 inte-

74 1282 214 1357 gritatem
231 1289 424 1403 spectatorum
442 1283 472 1332 in
490 1282 571 1333 nobis
590 1287 665 1345 esso,
685 1281 740 1332 sibi
756 1281 936 1348 persuadeat.

146 1352 227 1406 llaec
262 1367 312 1404 aec
328 1358 371 1403 est
388 1349 439 1402 illa
452 1351 537 1400 animi
556 1349 760 1414 mansuetudo,
783 1363 867 1414 qoam
883 1363 916 1402 eo
935 1344 1027 1418 magis
1039 1350 1147 1402 sectari

77 1422 214 1476 debemus
237 1433 353 1482 omnes,
378 1419 427 1486 qui
445 1417 634 1470 Christianum
659 1431 760 1470 nomen
783 1415 965 1484 usurpamus,
988 1433 1044 1484 quo
1066 1417 1145 1470 lucu·

75 1491 183 1544 lentius
208 1502 269 1542 eam
293 1488 376 1542 nohis
392 1488 508 1538 divinus
525 1492 641 1538 nostrae
659 1486 805 1538 doctrinae
823 1486 960 1554 magister
982 1492 1011 1536 et
1029 1501 1099 1538 soce
1116 1493 1148 1538 et

77 1558 210 1627 exemplo
229 1556 446 1610 commendarit.
481 1555 596 1608 Summa
614 1553 821 1606 celebraturin
839 1554 875 1604 iis
890 1553 1001 1621 populis
1016 1555 1147 1620 aequitas

80 1637 167 1693 atque
190 1627 277 1678 animi
300 1624 477 1687 moderatio,
506 1639 576 1689 qnos
595 1623 733 1674 lrnrbaros
751 1635 900 1684 vocamus,
928 1635 1019 1688 neque
1036 1623 1068 1673 in
1083 1623 1147 1678 illu·

80 1693 329 1748 liammedanornm
355 1691 477 1743 historia
503 1705 538 1742 aa
560 1690 666 1742 furoris
692 1691 838 1742 sacerrimi
868 1690 998 1757 exempla
1022 1697 1147 1758 exstant,

79 1763 276 1830 quiliuspleni
295 1766 360 1813 sunt
377 1760 519 1828 gentium,
545 1773 617 1824 quae
635 1759 691 1810 sibi
709 1758 895 1826 politissimos
913 1759 989 1810 onrni
1007 1757 1148 1823 doctrina,

78 1831 302 1897 uirtutibusque·
317 1829 448 1881 omnibus
470 1827 618 1888 ridentur,
648 1825 808 1888 annales*).
844 1825 1073 1898 Quantmmagis
1097 1843 1150 1880 nos

77 1897 146 1953 huic
170 1899 282 1951 lenitati
307 1897 472 1949 studeamus
490 1907 605 1948 neccsse
625 1901 683 1955 est,
717 1895 837 1962 quinon
856 1909 905 1946 eos
924 1894 991 1946 deos
1012 1895 1148 1960 colamus,

81 1967 185 2036 quibus
201 1964 338 2018 donnanae
356 1965 491 2028 uictimae
508 1962 606 2018 offerri
622 1963 757 2014 debeanti
785 1962 841 2016 Ubi
856 1963 1077 2028 comburendos,
1098 1963 1148 2034 eji-

82 2034 199 2086 ciendos
221 2035 355 2095 urbibus,
368 2032 580 2099 ¹*visitandosque
603 2045 664 2082 esse
683 2030 810 2083 Christus
833 2029 930 2082 docuit
951 2030 1032 2095 illos,
1057 2033 1108 2098 qui
1131 2049 1150 2086 ι

83 2113 137 2154 sua
164 2101 292 2154 doctrina
315 2099 518 2154 abhorrerent!
547 2106 597 2151 aut
616 2100 728 2166 quando
752 2100 779 2149 si
804 2097 901 2166 adegit
919 2113 1092 2168 quenquam,
1118 2109 1151 2154 ut

82 2185 147 2224 eam
173 2168 407 2236 dnrplectereturl
432 2167 535 2220 Nonne
560 2169 654 2236 potius
678 2167 828 2220 mitissime
851 2168 911 2234 egit
928 2183 991 2219 cum
1010 2169 1151 2234 omuibus,

81 2258 101 2293 a
125 2238 230 2306 quibus
253 2237 331 2288 illam
358 2237 499 2290 contemni
518 2242 546 2287 et
563 2237 659 2304 sperni
676 2233 870 2304 intelligebat!
900 2251 991 2286 nonne
1007 2243 1071 2289 tota
1090 2239 1152 2290 vita
1221 2238 1227 2246 '

80 2304 342 2368 mansuetudinem,
372 2305 553 2373 patientiam,
584 2305 809 2357 misericordiam
831 2319 893 2356 cum
918 2303 1063 2369 oratione,
1089 2303 1174 2361 tum

84 2373 219 2442 exemplo
248 2389 298 2424 suo
318 2372 543 2425 courmendaviti
573 2373 722 2436 Quomodo
742 2372 763 2423 ii
781 2371 818 2422 in'
830 2370 991 2424 erudiendis
1008 2371 1153 2442 hominum

83 2443 190 2496 animis
205 2443 312 2492 versati
330 2447 407 2506 sunt,
426 2457 496 2508 quos
516 2447 546 2492 et
562 2443 623 2509 ipse
640 2441 779 2504 instituit,
789 2447 829 2491 ›et
839 2440 992 2508 magistros
1004 2443 1152 2496 doctrinae

84 2513 115 2570 in
138 2517 218 2562 terra
242 2508 373 2576 reliquiti
403 2509 576 2578 Legimusne
600 2526 684 2560 unum
704 2508 863 2561 divinorum
883 2508 1042 2576 legatorum
1061 2511 1153 2564 narni·

85 2579 141 2632 fiee
165 2578 320 2646 stipatum,
350 2576 441 2629 altera
464 2593 549 2630 niano
572 2577 714 2648 gladium,
745 2573 837 2630 altera
863 2591 975 2630 crucem
999 2584 1153 2645 tenentem,

84 2648 172 2699 urbes
189 2647 347 2714 ingressum
367 2645 446 2698 essel
470 2646 656 2714 uragistratus
674 2659 755 2714 opem
770 2645 954 2712 implorasse,
974 2651 1018 2709 et,
1037 2653 1154 2714 utque·

76 2715 139 2767 sibi
157 2714 303 2766 adversari
323 2715 597 2776 animadverterent,
615 2711 797 2781 punirentur,
817 2713 992 2782 postulasset
1018 2717 1085 2768 Cum
1100 2717 1154 2788 igi-

82 2789 200 2836 turnus
220 2783 337 2834 eandem
357 2783 513 2835 doctrinam
533 2783 733 2851 proliteamu1·;
747 2797 814 2834 cum
834 2789 931 2834 nostra
946 2797 1026 2834 meus
1042 2791 1105 2838 totu
1116 2783 1154 2838 ad
1215 2811 1224 2818 -

82 2851 274 2904 imitationem
302 2851 458 2915 uirtutum,
489 2866 608 2917 quarum
638 2851 799 2918 exemplum
824 2849 1099 2918 praestantissimum
1123 2854 1155 2905 iu

85 2917 202 2971 Christo
222 2917 340 2980 enituit,
370 2917 520 2986 dirigenda
537 2921 586 2971 sit:
619 2919 761 2985 quomodo
780 2918 896 2971 credere
914 2918 1078 2986 possumus,
1109 2917 1156 2973 iili

83 2992 215 3040 nostrum
233 2983 360 3035 furorem
379 2987 513 3052 probari,
541 2995 606 3050 aut,
629 2989 695 3039 dum
713 2987 881 3055 longissime,
895 2993 992 3038 nostra
1013 2989 1155 3044 acerbitas

85 3055 121 3108 ab
144 3053 225 3106 illius
250 3054 467 3104 mansuetudine
485 3053 650 3120 abhorreat,
676 3071 731 3122 quo
752 3057 813 3106 ‘ure
831 3054 912 3106 nobis
930 3053 1157 3110 Christianorum
1184 3069 1194 3080 ·

84 3135 189 3176 nomen
203 3119 394 3190 imponimusi
419 3123 499 3184 Quae
514 3135 603 3196 ergo„
617 3119 989 3185 verissime¹l2aotantius**)
1001 3124 1086 3188 dicit,
1105 3135 1156 3178 aut

86 3191 153 3256 ubi*¹
173 3195 222 3250 aut
240 3187 333 3256 qualis
351 3195 395 3240 est
412 3188 521 3257 pietasl
542 3192 674 3244 nimirum
693 3192 766 3260 apud
786 3205 850 3254 eos,
869 3191 1004 3258 quihella
1017 3193 1155 3260 nesciunt,

88 3259 137 3327 qui
161 3257 343 3310 concordiam
368 3263 432 3309 cunr
458 3259 587 3310 omnibus
602 3267 740 3324 ‘servant,
770 3259 819 3326 qui
837 3259 919 3310 amici
937 3267 1003 3311 sunt
1021 3261 1155 3328 inimicis,

9 3382 12 3386 ,
89 3327 137 3394 qui
165 3341 262 3378 omnes
290 3323 417 3378 homines
442 3343 494 3394 pro
520 3325 657 3380 tratribus
682 3327 819 3396 diligunt,
855 3322 910 3394 qu'i'
928 3327 1060 3380 cohibere
1083 3331 1157 3392 iram

90 3395 194 3457 sciunt,
213 3407 380 3460 omnemque
398 3395 486 3446 animi
502 3393 629 3449 furorem
648 3395 802 3463 tranquilla
820 3395 1023 3449 moderatione
1037 3395 1137 3451 lenire.

159 3463 195 3512 At
211 3461 311 3513 eodem
329 3461 382 3514 lroc
400 3479 513 3534 ansere,
532 3479 614 3531 quem
634 3464 764 3517 omnibus
784 3463 967 3524 debeant‚*se
981 3469 1157 3521 commoveri

91 3529 182 3598 ajunt,
201 3536 233 3580 ut
250 3545 347 3582 onmes
365 3546 449 3599 quam
467 3531 647 3583 felicissimos
661 3547 723 3583 esse
739 3531 867 3599 cupiant,
886 3538 928 3592 et,
946 3534 1079 3600 quoniam
1095 3536 1158 3590 sine

89 3597 211 3649 veritate
230 3595 407 3651 christianae
426 3600 573 3670 doetrinae
591 3599 669 3651 nulla
685 3600 761 3652 salus
778 3600 890 3666 sperari
908 3601 1016 3667 possit,
1042 3603 1109 3656 ideo
1125 3620 1157 3658 se

88 3663 136 3716 uel
152 3666 250 3716 invitis
268 3667 326 3716 illis
344 3665 416 3719 hanc
433 3668 549 3730 tradere
568 3667 682 3719 dehere.
716 3668 780 3728 Non
798 3667 904 3732 dicam,
923 3667 1075 3722 absurdum
1095 3687 1158 3726 essa

74 3737 122 3782 'et
140 3731 269 3795 crudele,
295 3749 346 3784 nos
364 3733 564 3799 hunrunculos,
588 3736 635 3802 qui
653 3735 732 3786 reiut
749 3735 909 3787 solstitialis
928 3733 1029 3801 herba,
1054 3741 1158 3794 eodem
1222 3763 1225 3768 ·

89 3798 167 3861 fere,
194 3813 250 3864 qun
272 3801 333 3850 irati
356 3817 466 3866 snmus,
481 3805 540 3855 ·die
564 3801 736 3871 moriamur,
763 3805 849 3855 immo
875 3805 923 3872 qui
941 3803 1011 3856 nillil
1030 3821 1158 3878 agamus,

90 3865 167 3936 quod
185 3872 302 3918 aeterna
319 3871 448 3934 praemia
464 3878 624 3935 mereator,
642 3872 744 3924 solium
765 3871 820 3924 Dei
839 3873 904 3940 0pt.
920 3873 998 3925 llllar.
1019 3891 1159 3945 occupare

90 3931 181 3997 selle,
209 3949 378 4002 omnesque,
398 3935 467 4003 qui,
494 3938 562 3992 licet
583 3953 639 3992 non
659 3938 763 3992 Christi
784 3940 942 3992 doctrinam
960 3943 1072 3996 nomine
1092 3961 1158 4013 prn-

91 4001 159 4054 fessi
185 4003 256 4065 sint,
283 4004 343 4054 vita
366 4009 463 4055 tamen
487 4011 516 4058 et
541 4001 668 4062 moribus
694 4009 823 4076 proxime
847 4009 883 4060 ad
904 4009 981 4062 illius
1005 4021 1159 4082 praecepta

92 4071 278 4134 accesserint,
306 4071 511 4137 condemnare,
537 4075 710 4146 coelestique
733 4075 798 4130 aula
815 4077 936 4146 ejicere,
959 4080 1057 4143 beatas
1074 4081 1159 4140 sedes

93 4225 117 4277 ¹)
132 4219 256 4274 Voltalre,
273 4219 358 4266 'l'raits's
373 4237 413 4268 sor
429 4204 653 4281 larderarium.
669 4234 691 4273 t.
708 4234 770 4274 lsi·
865 4213 868 4216 Ι

94 4282 130 4337 ⁸¹)
145 4280 171 4326 in
186 4279 268 4327 lastis.
291 4280 319 4324 la
334 4281 366 4325 V.
382 4295 402 4326 c.
418 4286 453 4328 lo.
