2658 4916
703 383 877 454 860

113 551 115 556 '
174 577 176 586 =
196 545 276 612 eber
292 541 402 610 eicite
416 537 867 628 Erfurclt'll’s'sflducsdee,
883 561 1008 631 ,soeges
1027 541 1264 610 eeinchae-

194 633 288 718 gela
313 651 365 694 aa
385 629 544 708 Krcft.'
566 629 698 695 *Dades
719 639 802 716 regi
817 628 888 695 siclt
909 629 993 694 auct
1014 629 1075 694 der
1095 629 1265 714 Mystico‘s-

195 735 263 780 raus
289 722 334 780 ies
361 715 505 779 Grossea
534 735 597 778 aar
627 717 733 792 dana,
770 736 862 779 wenc
892 715 948 779 die
978 713 1267 794 Lebcnekrost

196 806 291 866 einer
312 797 440 864 natica
465 809 820 886 ontergegangca
848 807 912 875 ist,
944 798 1146 886 celeraret,
1175 821 1267 864 weron

92 933 97 944 .
192 893 272 950 „cine
290 885 391 961 oleae,
411 904 526 970 grosse
539 885 621 949 ldee
639 883 889 958 dicGeen'tther
903 884 1019 972 ergre‘
1039 894 1072 962 t,
1094 882 1174 948 ohne
1190 885 1268 949 daea

196 971 249 1035 sse
266 971 321 1034 die
335 967 518 1056 Fiihs'gleit
538 968 660 1045 habea,
682 970 753 1034 sich
774 968 942 1034 desselben
963 977 1025 1054 pret
1040 969 1146 1034 colles·
1161 969 1268 1034 Klar-

198 1055 270 1121 bee‘t
286 1075 328 1118 aa
343 1053 578 1139 bemiicltio'gca.
622 1056 941 1139 (Vid.·l)ier.·litterar.
953 1055 1066 1130 hercl,
1083 1060 1131 1115 eni
1144 1059 1268 1118 titulus:

197 1139 353 1204 Berliner
372 1138 652 1218 Monotstcbrc'ft,
675 1163 772 1211 mens.
792 1142 848 1201 lul.
866 1143 903 1200 de
920 1161 964 1201 ao.
980 1139 1087 1221 1808.)

202 1253 208 1266 ·
285 1225 441 1286 Generalis
470 1246 541 1288 vcro
572 1231 730 1287 multorum
758 1231 949 1308 ingeniorum
977 1236 1136 1305 conceptus
1162 1229 1190 1286 si
1219 1230 1271 1286 rel

198 1322 288 1386 tunc,
309 1331 397 1390 quum
419 1312 490 1369 haee
509 1315 574 1387 ipsa
592 1331 610 1370 a
628 1311 792 1390 Spilleoltio
812 1313 1027 1384 scriberentur,
1048 1321 1133 1370 tanto
1152 1315 1185 1372 in
1204 1333 1271 1370 mc.

136 1393 140 1402 ’
199 1415 248 1456 res
265 1406 382 1456 nostros
399 1400 623 1476 uniuersamque
641 1401 722 1456 vitae
736 1415 868 1456 normam
882 1399 1163 1478 vigorepreevaluit
1177 1391 1272 1476 (quod

200 1481 374 1557 prudentior
398 1485 550 1560 quisquam
566 1483 694 1542 inficiari
712 1485 766 1541 vix
785 1482 955 1561 intendet):
985 1481 1055 1560 quid
1076 1484 1199 1556 mirum,
1234 1501 1272 1540 ex

199 1567 359 1646 multiplici
388 1568 441 1626 illa
469 1576 632 1644 temporum
664 1565 849 1646 sequentium
880 1569 1065 1646 calamitate,
1103 1569 1186 1642 cujus
1209 1569 1272 1642 jam

196 1669 288 1728 zeupra
318 1651 500 1714 mentionem
527 1652 672 1728 quendam
702 1655 873 1728 injecimus,
907 1671 957 1710 eos
985 1651 1126 1728 paulatim
1153 1649 1190 1708 ad
1216 1669 1272 1708 nos

200 1737 357 1793 transiisse
384 1735 521 1808 allectus,
539 1739 603 1814 ‘qni
627 1739 818 1814 tranquillam
844 1741 932 1796 istam
956 1737 1064 1810 prioris
1088 1737 1156 1796 aevi
1175 1737 1271 1794 lucem

93 1889 96 1894 Ι
201 1838 281 1878 nunc
301 1819 453 1878 lethaliter
471 1819 534 1879 loro
553 1818 741 1881 disturbanti

161 1952 163 1956 ,
207 1944 211 1950 -
273 1905 331 1974 ,Ab
359 1907 448 1965 initio
476 1905 595 1982 quidem
624 1923 676 1964 eae
702 1905 877 1981 praesertim
902 1905 1070 1962 litterarum
1096 1903 1267 1988 disciplinae

202 1989 255 2048 lstl
274 2008 340 2046 sese
358 1989 630 2064 accommodarunt,
657 2009 732 2070 qnae
750 1993 874 2070 vulgato
891 1991 945 2048 illo
961 1988 1135 2047 liberalium
1153 1989 1273 2046 nominc
1319 1983 1321 2068 1

203 2091 273 2148 pree
295 2076 403 2132 ceteris
426 2077 529 2132 venire
548 2077 663 2134 solent:
693 2077 797 2154 quippe
818 2093 891 2155 quae
911 2075 948 2132 ad
966 2074 1136 2152 frequentes
1157 2076 1273 2156 ingenii
1320 2069 1322 2148 1

203 2155 310 2230 luxus,
330 2147 630 2220 erecehtissimorum
647 2159 885 2240 philosophorum
900 2154 1193 2234 cortinaea'ptandos
1206 2158 1274 2216 ideo
1321 2151 1322 2182 ¹

200 2245 321 2319 jamjam
342 2246 494 2320 proniores
517 2245 655 2318 luerunt,
685 2249 754 2325 quie
777 2249 873 2323 potior
892 2248 997 2332 saltem
1018 2243 1188 2318 hominum,
1217 2242 1274 2300 hoc
1322 2271 1323 2288 1

204 2330 372 2386 litterarum
395 2347 490 2406 genus
511 2333 681 2388 curantium
706 2347 844 2390 numerus
869 2331 901 2388 in
926 2329 1048 2386 summis
1071 2346 1169 2386 esrom
1184 2345 1274 2406 prac-
1323 2330 1324 2354 ¹

205 2413 299 2490 ceptis
322 2431 360 2470 ex
382 2414 605 2492 imaginationis
632 2418 738 2495 vigore
764 2413 901 2490 petendis
923 2405 1011 2472 unice
1034 2413 1098 2470 lere
1117 2414 1273 2492 acquievit

204 2495 246 2554 Et
271 2498 492 2574 ipserprofeeto
515 2497 618 2557 harum
646 2500 814 2558 litterarum
843 2497 969 2557 historia
998 2497 1158 2575 modusque
1185 2495 1277 2553 hodie

205 2583 333 2640 usitatus
357 2583 570 2662 praegrandem
590 2586 787 2642 recentiorum
808 2582 1093 2660 philosophematum
1114 2585 1144 2640 in
1160 2583 1273 2637 litteris

206 2669 269 2725 lllis
303 2667 473 2744 artibusque
503 2668 699 2726 reformandis
729 2668 891 2741 ellectum,
916 2685 1005 2748 prope
1033 2669 1119 2724 totali
1141 2667 1271 2740 priorum

206 2752 416 2828 principiorum
443 2753 597 2810 eversione
619 2762 769 2829 peratum,
799 2773 859 2811 non
879 2751 990 2810 affatim
1011 2753 1105 2810 solum
1124 2757 1276 2808 contesta-

206 2845 272 2906 tur,
298 2853 402 2892 rerum
418 2837 508 2893 etiem
526 2835 762 2914 prudentioribus
780 2855 879 2896 earum
895 2839 998 2896 amicis
1014 2837 1149 2896 omnibus
1165 2837 1282 2912 ingens

208 2919 318 2978 exinde
335 2928 367 2978 et
382 2923 572 2998 irreparabile
588 2924 694 2998 passim
711 2921 849 2981 damnum
867 2931 1003 2991 exortum
1018 2911 1139 2978 eiincit.
1179 2917 1285 2976 Nemo
1324 2959 1325 2970 1

208 3006 289 3062 enim
305 3007 354 3062 vel
367 3004 558 3064 mediocriter
573 3023 662 3076 sonus
679 3004 730 3086 (ut
744 3011 872 3066 summos
888 3007 1004 3065 tentum
1017 2995 1289 3082 reprehensionum

204 3091 435 3166 justissimarum
460 3093 559 3170 apices
581 3088 724 3174 tangam)
753 3093 909 3151 verissima
930 3097 990 3150 uon
1010 3090 1195 3167 praedicabit
1216 3107 1291 3145 mo-

208 3175 273 3235 nita
285 3173 358 3247 illa,
374 3176 479 3252 quibus
496 3177 533 3234 de
545 3177 676 3236 infausta
692 3197 795 3236 sensns
810 3196 880 3235 vere
894 3175 1009 3251 pulchri
1025 3175 1126 3247 clade,
1144 3191 1183 3234 ex
1199 3191 1290 3230 erro·

207 3259 290 3316 ribus
305 3261 368 3317 illis
383 3260 499 3318 abunde
511 3253 685 3342 progenita,
702 3281 795 3342 nuper
807 3279 919 3340 quoque
932 3259 989 3318 Th.
1006 3257 1190 3329 Schucht,
1208 3256 1287 3314 Pro

208 3343 304 3400 l'essor
317 3341 512 3424 Mogontinas
532 3349 757 3420 meritissimus,
781 3349 812 3405 in
834 3347 911 3404 libro
925 3347 1066 3425 egregio,
1090 3345 1137 3402 oui
1156 3344 1289 3401 titulus:

195 3476 197 3482 ,
216 3421 321 3486 [deber
337 3419 462 3507 Uariam
478 3427 547 3490 aad
556 3425 723 3492 Borboros·
734 3434 771 3492 in
786 3429 845 3491 der
858 3427 1015 3512 hetligen
1028 3423 1210 3490 deutschen
1222 3419 1295 3484 Li-

210 3517 357 3586 teratur,
383 3509 610 3576 Main21828.
631 3517 662 3576 8.
683 3519 816 3592 apposite
833 3525 1009 3593 conquestus
1025 3523 1085 3572 est:
1106 3531 1196 3571 nemo
1211 3529 1298 3568 sane

209 3597 309 3656 verbis
334 3597 464 3674 ejusdem
489 3599 701 3663 cordatissimis
730 3601 802 3659 libri
825 3599 915 3660 mollo'
932 3598 1056 3658 ¹laudati¹
1074 3615 1141 3678 pag.
1161 3598 1205 3654 82
1224 3615 1300 3675 seq.

114 3695 118 3704 ’
210 3685 379 3757 conspicuis
409 3685 547 3743 lubenter
567 3703 628 3743 non
650 3679 834 3759 subscribet,
869 3685 975 3762 quibus
997 3686 1127 3762 genuina
1149 3683 1300 3758 ineptia-

209 3783 274 3824 rum
290 3768 412 3826 illerum
431 3771 516 3848 origo
539 3779 569 3827 et
589 3780 694 3828 natura
714 3769 843 3828 dilucide
862 3767 977 3846 quidem
998 3769 1041 3825 ita
1061 3768 1302 3845 depingunturs

199 3845 282 3933 ,Dte
297 3853 416 3912 neum
432 3847 557 3914 Mode-
567 3847 687 3915 Schule
702 3857 739 3914 in
756 3851 816 3916 der
829 3849 968 3914 sentosa
987 3846 1164 3912 [nimrim
1180 3853 1234 3910 ist
1260 3853 1305 3910 s‘rt

211 3932 430 3996 Perosisraea
457 3933 645 4012 versatiles,
676 3935 732 3999 da‘e
755 3954 819 4000 coa
848 3933 1063 3998 wirlliclcem'*
1076 3931 1306 3996 Wolters-imae

211 4021 368 4082 miranter
390 4020 482 4081 leem
500 4019 712 4085 verschiedcn
729 4021 815 4084 sind.
858 4019 959 4084 Dicas
977 4017 1076 4083 ritdrt
1089 4025 1206 4082 oneret
1227 4017 1307 4080 dcc-

134 4110 136 4126 '
212 4103 288 4178 rien,
317 4103 394 4168 dosa
413 4103 469 4168 die
486 4104 563 4167 drea·
583 4103 841 4170 lsse'cblcoderee'en
859 4125 910 4168 am
927 4102 1084 4178 ntideo,
1111 4121 1162 4165 am
1181 4097 1232 4162 M
1239 4107 1264 4166 a·
1271 4111 1306 4165 t-

197 4189 414 4268 ,celestem
437 4187 508 4252 aad
526 4209 577 4255 am
602 4191 752 4254 orient
768 4211 811 4254 an
830 4189 1099 4274 rnecltfolgtcn,
1121 4185 1197 4249 rand
1216 4185 1308 4250 siclt

215 4268 756 4363 dtccbeieesderoeaescllangen.
802 4265 1194 4362 Zagleiclmiccltcsa‘cls
1211 4275 1308 4338 ciue
