2658 4916
16 478 209 550 disciplinae
227 477 309 532 Taso
329 473 455 541 imatus,
477 457 523 542 u't,
545 473 684 546 quiequid
702 475 769 528 'libi
794 475 963 546 emtigerit,
983 475 1113 535 mihimet
1171 488 1175 506 ’

15 551 76 620 ipsi
104 549 277 616 contigisse
295 552 405 615 putem:
434 551 530 598 tumen
547 561 603 598 non
620 560 737 613 possum
756 544 890 608 diffiteri,
913 559 976 598 esse
993 547 1110 616 aliquid,

17 618 103 690 quod
132 615 202 675 hec,
227 616 287 668 diei
311 613 365 666 Tui
392 613 526 694 gaudium
543 612 688 680 'liquidum
711 627 757 666 me
778 615 926 682 percipere
947 631 1003 667 non
1027 617 1110 676 sinat.

15 687 159 748 Etenim,
181 684 280 736 sentio
300 682 428 750 quotidie
445 681 553 752 nimis,
573 682 602 732 in
621 687 757 750 quantum
772 695 825 764 ego
838 682 907 747 sim,
927 683 969 734 Te
983 691 1111 750 auctore,

15 755 164 810 inductus
193 757 342 812 errorent,
370 750 478 814 santio,
507 764 591 817 quam
614 750 757 818 perditum
780 756 819 802 art
841 756 966 818 tempus,
994 753 1070 821 quod
1094 769 1111 807 e

17 826 142 879 ratione
161 821 235 872 Tua
253 819 360 870 litteris
397 817 545 871 uibusdam
564 817 704 870 discendis
723 817 821 871 tribui.

91 889 228 945 Memini
252 887 341 950 enim,
367 833 424 950 lae,
450 901 515 938 cum
533 885 660 949 videres,
685 901 731 938 me
748 885 822 938 velle
837 887 897 1004 juri
915 887 1111 956 cognoscendo

22 973 145 1028 operam
167 956 358 1026 impendere,
383 952 494 1006 hortari
512 969 557 1006 me
575 951 774 1018 uehementer,
793 959 826 1006 ut
855 955 948 1006 itteris
966 952 1111 1015 humanio-

24 1029 107 1082 ribus
131 1027 215 1079 bene
242 1021 312 1076 mihi
329 1021 404 1074 viam
422 1021 577 1086 munirem,
598 1023 667 1074 'siae
692 1023 792 1090 quibus
810 1023 919 1076 aditum
942 1022 1050 1076 nullum
1074 1026 1112 1078 ad
1184 1033 1190 1046 ⁸

26 1112 126 1148 ueram
152 1090 418 1164 jurisprudentiam
437 1090 513 1154 duri,
537 1090 643 1159 ajebas.
678 1091 726 1142 Me
743 1105 813 1142 vero
827 1092 886 1159 jam
905 1090 1010 1144 dudum
1027 1092 1111 1162 hujus

15 1159 137 1218 ¹erroris
158 1169 191 1214 et
214 1158 382 1228 disciplinae
394 1159 473 1210 Tuae
490 1159 646 1226 poenituit,
664 1165 814 1226 postquam
832 1173 877 1210 me
892 1164 1015 1227 tempus,
1034 1161 1111 1228 quod

27 1231 171 1285 collocari
197 1227 305 1280 melius
323 1231 453 1294 poterat,
480 1226 610 1278 intellexi
628 1225 795 1294 perdidisse.
832 1229 922 1291 Quam
941 1227 977 1280 ob
996 1245 1110 1282 causam

28 1301 149 1368 etipse
177 1297 220 1350 ab
244 1291 296 1347 illa
318 1292 388 1346 mihi
411 1309 463 1362 per
481 1295 522 1346 'l'e
544 1289 739 1347 demonstrata
760 1295 808 1346 via
831 1294 939 1348 decessi
959 1301 988 1346 et
1003 1297 1033 1351 iu
1051 1299 1110 1348 ani-

27 1383 108 1424 mum
131 1365 257 1429 induxi,
287 1363 328 1414 Te
353 1377 480 1431 quoque,
507 1362 532 1414 si
557 1377 686 1430 possem,
714 1363 749 1415 ab
768 1377 802 1414 ea
820 1364 952 1431 opinione
968 1370 1109 1420 avertere.

27 1435 136 1490 Nullus
154 1441 257 1486 autem
274 1429 344 1482 mihi
362 1432 453 1500 magis
471 1436 646 1500 opportunus
670 1428 749 1482 risus
767 1436 823 1494 est,
851 1445 935 1499 quam
956 1430 1109 1486 hodiernus
1155 1467 1160 1479 ·

31 1505 110 1567 dies,
130 1517 189 1572 quo
202 1502 261 1562 Te,
278 1506 397 1568 propter
413 1509 518 1551 novum
535 1495 651 1552 honoris
664 1499 720 1551 Tui
733 1505 931 1568 augmentum,
950 1497 1110 1554 faciliorem

34 1571 118 1636 iore,
137 1569 350 1624 existimabam.
492 1617 494 1627 ,
726 1609 729 1613 .
795 1607 797 1612 .

107 1639 187 1702 Scis,
215 1637 267 1692 Vir
286 1633 515 1700 Consultissime,
545 1640 604 1688 tres
622 1649 684 1688 esse
699 1634 960 1704 jureconsultorum
976 1633 1110 1700 familias,

39 1720 114 1774 quae
139 1712 243 1758 natura
266 1721 318 1758 sua
343 1711 373 1756 et
389 1703 504 1772 placitis
522 1702 605 1770 plane
622 1705 680 1756 sint
698 1704 837 1756 diversae.
873 1706 999 1768 Quarum
1018 1707 1110 1772 prima

41 1773 156 1842 quidem
184 1789 283 1826 eorum
301 1778 361 1837 est,
390 1773 439 1839 qui
456 1771 547 1824 multa
563 1772 646 1840 plane
664 1771 778 1826 inutilia
795 1778 881 1839 atque
898 1787 1132 1841 supervacanea
1216 1811 1217 1819 ,

37 1841 283 1910 jurisprudentiae
309 1846 474 1902 annectunt,
500 1847 585 1908 atque
608 1842 669 1894 sine
694 1839 799 1890 litteris
822 1831 1109 1910 humanioribus,‘id

40 1915 85 1960 est
99 1911 160 1960 sine
175 1911 299 1962 maxinra
313 1909 491 1978 linguarum,
509 1909 629 1972 rituum,
646 1906 785 1960 historiae
799 1913 828 1958 et
837 1909 916 2028 juris
932 1907 1108 1972 ,Graecorum

42 1973 289 2046 Romanorumque
313 1977 475 2045 cognitione
495 1975 635 2038 neminem
660 1977 688 2027 in
708 1976 833 2044 jurispru
856 1977 933 2027 entia
950 1985 1029 2029 recte
1046 1994 1109 2030 ser·

42 2044 104 2094 sari
121 2041 206 2110 posse
223 2044 396 2098 existiment:
412 2046 442 2095 in
461 2060 580 2112 quorum
598 2045 656 2109 Tu,
675 2043 727 2097 Vir
741 2043 971 2112 Consultissime,
990 2061 1108 2098 numero

40 2115 76 2162 ut
94 2125 189 2174 esses,
208 2125 265 2163 sem
288 2127 317 2166 er
333 2112 539 2164 studiosissime
557 2111 721 2165 elaborasti.

112 2177 245 2232 Secunda
265 2127 361 2234 seinde
380 2186 424 2232 est
441 2194 555 2243 eorum,
579 2181 642 2248 qui,
667 2178 714 2232 vel
731 2179 879 2234 occasione
897 2179 944 2232 uel
960 2179 1108 2242 voluntate

42 2245 191 2313 destituti,
223 2254 280 2300 tam
303 2249 452 2301 molestum
475 2248 511 2301 ad
529 2247 783 2318 jurisprudentiam
809 2247 865 2300 iter
890 2264 1032 2316 nunquam
1062 2265 1108 2302 co·

41 2315 106 2374 nati
122 2321 187 2366 sunt
205 2317 367 2382 instituere,
394 2317 444 2369 sed
461 2317 595 2369 breviore
617 2315 680 2380 ria,
707 2317 799 2368 causis
818 2313 929 2369 scilicet
947 2319 1061 2370 orandis
1079 2323 1110 2370 et
1186 2363 1190 2375 .

44 2384 205 2451 judicandis
227 2385 261 2436 ad
282 2385 356 2454 juris
380 2384 573 2438 consultorum
598 2399 700 2438 nouren
721 2387 926 2452 peireuerunt,
954 2387 1017 2450 qui,
1044 2403 1119 2438 cums

47 2451 168 2522 mediam
194 2451 400 2521 amplectantur
426 2453 610 2516 sententiam,
642 2452 832 2506 aristelliones
861 2459 889 2503 et
919 2453 1110 2508 llerciscundt

49 2527 162 2588 posse-nt
192 2521 303 2584 vocari,
336 2536 400 2574 eum
435 2537 503 2583 nee,
535 2535 607 2588 quae
638 2522 786 2590 ignorent,
824 2527 1019 2587 contemnant;
1057 2518 1108 2574 irec

49 2602 144 2639 eorum
169 2590 366 2656 pertinaciam,
396 2590 445 2657 qui
475 2588 654 2658 longioribus
684 2587 851 2657 ambagibus
879 2603 910 2640 se
937 2590 1014 2657 passi
1043 2598 1110 2644 sunt

44 2657 162 2724 jactari,
181 2663 321 2710 accusent.
399 2667 404 2675 ‘
1087 2697 1090 2704 -

113 2725 245 2789 'tertiae
266 2725 382 2778 tandem
405 2731 448 2778 est
473 2739 585 2789 eorum,
612 2722 674 2791 qui,
698 2723 1014 2792 recteperspicieutes,
1035 2727 1110 2794 juris

45 2791 188 2844 seientiam
212 2809 323 2846 omnem
341 2795 377 2846 ad
392 2793 466 2862 juris
485 2791 597 2846 dicendi
616 2801 645 2844 et
663 2807 812 2846 causarum
829 2791 1002 2860 agendarum
1022 2793 1114 2862 facul·-

45 2866 129 2912 tstem
148 2868 357 2930 comparatam,
376 2876 494 2928 eantque
512 2863 541 2914 in
556 2862 630 2930 juris
648 2857 778 2912 hodierni
795 2859 881 2912 arctis
893 2859 1031 2915 limitibus
1045 2879 1109 2917 con-

47 2922 185 2981 tineudam
212 2945 291 2995 esse,
324 2946 378 2982 non
401 2929 492 2982 solum
516 2927 567 2982 has
591 2928 705 2981 litteras
729 2945 784 2979 non
810 2927 986 2996 didicerunt,
1011 2947 1116 2996 verum,

45 2994 181 3062 gloriolae
206 3000 266 3068 ejus
292 2997 414 3067 pusillae
445 2999 599 3050 vanitatem
628 2996 686 3048 alte
710 2995 914 3063 despicientes,
949 3000 1110 3070 exstirpare

43 3069 125 3129 atque
145 3067 294 3120 eradicare
311 3065 521 3135 sapientissime
539 3064 647 3118 volunt.
736 3093 737 3102 ¹

44 3151 254 3176 ---

43 3220 164 3270 saturam,
181 3217 329 3272 Alteuburgi
341 3221 405 3264 aaa
424 3223 447 3262 8.
467 3215 612 3272 divulgatam
628 3228 681 3274 pas.
694 3221 720 3262 dl
734 3229 785 3273 sqq.
804 3221 899 3274 recepta
914 3203 970 3260 fuit.
1001 3214 1111 3260 Ceterum

43 3271 119 3368 prdem
139 3275 191 3318 iere
216 3274 421 3344 dissimulatione,
437 3273 742 3372 “uihi'¹“i¹¹⁸¹¹¹'.'²⁰'t1}'’
771 3287 871 3372 srrmnqqs
890 3273 917 3316 in
937 3278 1036 3328 utroque
1055 3273 1110 3328 jare

44 3329 258 3438 ,1:2⁰¹i:..¹.³“⁰.'¹.¹.⁰.
278 3329 475 3438 11111111.
500 3345 531 3430 ¹5.
547 3329 836 3432 'titilia....·.⁰‘5dti.
861 3343 1112 3440 dissimile

44 3443 155 3494 quondam
177 3444 290 3499 haberat,
312 3444 388 3496 hugei.
405 3441 488 3486 lsrtav.
507 3447 569 3488 1120.
589 3449 611 3488 4.
634 3443 709 3499 prima
730 3443 783 3486 uice
802 3442 948 3496 divulgatam
969 3443 1112 3502 eandemque

45 3497 138 3560 posthac
152 3501 263 3555 ejusdam
281 3499 457 3550 Orationibus,
480 3499 574 3544 Nisolsi
590 3498 687 3543 Boudtii
703 3511 760 3542 curs
774 3499 835 3552 liag.
852 3499 917 3546 Gom.
935 3503 999 3543 ires.
1015 3504 1038 3544 d·
1054 3513 1110 3544 aon·

43 3556 138 3605 junctim
160 3559 250 3610 editis,
280 3570 333 3614 pag.
350 3561 390 3614 303
407 3569 432 3599 ae
449 3571 471 3612 q.
495 3556 616 3600 insertam.
649 3555 735 3600 Eorum
757 3569 813 3599 vern
834 3557 860 3600 in
880 3555 995 3609 gratiam,
1025 3555 1112 3611 qui-in

45 3621 110 3653 varas
126 3613 273 3658 intereuntis
294 3614 380 3657 sensim
395 3571 557 3670 periistinqne
569 3611 776 3668 jurisprudentiae
792 3611 940 3670 humanioris
952 3623 1033 3654 causas
1048 3612 1112 3658 serio

45 3664 356 3761 qqrqssirerp'coqeupiacaut,
374 3683 387 3712 e
403 3669 471 3738 larga
482 3672 623 3734 scriptorum
639 3669 684 3738 laus
699 3669 875 3736 referendorum
888 3667 955 3766 oppida
970 3681 1021 3710 eum
1036 3665 1110 3736 lieris.

48 3725 186 3832 stitit.
196 3727 309 3829 iiiii.
325 3725 1118 3841 111111111ξῇ1111111111ζίῐὶ1111111111

49 3840 102 3878 orat.
122 3841 150 3882 de
165 3836 357 3894 jureconsultis
379 3839 537 3890 semidocta,
561 3840 638 3896 ipsius
661 3839 759 3894 0puaac.
781 3850 832 3882 var.
849 3837 905 3892 syll.
929 3836 986 3880 llsl.
1002 3843 1066 3882 11³⁵.
1086 3843 1110 3884 t.

49 3887 119 3934 editas
141 3899 250 3950 papilii
266 3909 331 3952 seqq.
359 3895 485 3950 insertam,
513 3901 562 3939 tum
585 3894 642 3939 Chr.
666 3893 742 3938 dotti.
765 3894 932 3959 ltinehteri,
948 3895 1112 3958 ,aptaeessoris

47 3949 159 4011 quondam
174 3951 311 4006 Lipsiensis
326 3951 486 4006 meritissimi,
503 3958 563 3996 orat.
580 3954 608 3996 de
624 3951 776 3998 intereuntis
786 3951 1010 4007 jurisprudentiae
1024 3943 1057 3994 ha
1100 3975 1111 3984 ·

46 4005 123 4063 usuris
139 4007 238 4058 cirasia,
256 4007 334 4062 ejusd.
351 4007 479 4052 Animadr.
496 4013 524 4052 de
539 4008 666 4055 ueteribus
683 4009 890 4064 legumlatoribus
907 4013 931 4051 et
946 4005 1078 4060 scriptoria
1100 4019 1112 4050 s
1197 4057 1201 4067 .

26 4059 112 4112 'juris
128 4063 223 4116 Attici,
241 4063 371 4117 flamburgi
383 4069 448 4110 1191.
464 4071 487 4110 8.
503 4067 568 4121 typis
583 4065 705 4122 expressis
720 4077 772 4121 pag.
783 4068 912 4110 rsa—ns.
930 4063 1057 4118 adjectam,
1075 4059 1114 4106 hie

46 4124 234 4162 commemorasse
247 4120 354 4176 juvabit.
547 4127 549 4134 ’
973 4131 975 4136 ·
1015 4121 1045 4163 ’ν
1093 4131 1096 4139 ’

100 4174 122 4224 ¹)
137 4176 197 4219 va.
213 4176 360 4226 samsom
372 4175 539 4222 marcellinum
554 4178 583 4224 ι..
597 4176 698 4230 xxx„
718 4191 739 4222 e.
752 4182 776 4224 s.
791 4177 817 4222 a
831 4175 939 4254 garama
953 4175 1038 4224 samu
1049 4149 1117 4226 'sua⁴

29 4227 111 4322 *uarii
126 4231 228 4296 rimstel.
244 4239 308 4294 1111θρ
325 4233 370 4280 sni.
387 4246 441 4293 pag·
451 4237 504 4282 tas.

827 4282 832 4292 .
880 4260 940 4296 ma
960 4253 1011 4296 ‚13:11
1037 4251 1100 4300 :aa

906 4299 920 4312 td

787 4307 791 4313 ’
886 4309 908 4367 9
