2658 4916
694 351 767 421 152
796 393 799 400 ·

167 553 169 567 .
198 509 357 582 meliorque
374 509 523 566 consensio
540 507 576 565 de
594 513 760 576 sententiis,
779 512 881 582 quibas
898 509 1043 568 bominum
1061 503 1188 570 iclicltas
1211 533 1305 572 con-

198 586 322 646 tinetur,
347 581 486 652 cogitarit
521 582 577 635 Gur
600 583 692 662 igitur
708 596 772 648 eos,
790 583 840 650 qui
857 581 928 636 baec
945 583 1078 648 doceant,
1103 589 1160 638 nbn
1178 585 1304 640 teress-

67 651 72 661 '
116 653 122 664 ⁸
199 653 253 706 dos
276 661 339 703 esse
360 649 530 714 clamemus,
567 651 592 702 si
613 650 680 703 illos
706 655 757 702 ant
779 650 815 703 de
833 652 1072 720 interpretatione
1090 655 1303 722 quorundam

195 721 342 781 locorum,
370 725 420 772 ant
437 717 474 770 de
510 718 613 772 nblicis
629 718 798 771 ceremoniis
815 718 901 772 aliter
918 725 1044 772 statuere
1061 721 1302 792 intelligimus!

198 789 328 844 Animum
347 795 476 840 nostrum
491 733 573 838 iscus
590 793 714 858 spectat,
733 793 763 838 et
780 785 853 840 bunc
870 787 926 840 slbi
945 789 1061 856 probari
1079 790 1156 842 rults
1179 791 1300 858 piete-

197 857 237 914 tls
263 863 293 908 et
315 855 432 908 rimans
456 853 580 908 studium
605 871 624 907 e
646 855 728 908 nobis
751 855 894 924 postulat:
923 857 989 910 ideo
1015 856 1097 909 nobis
1118 858 1299 928 religionis

201 925 361 979 doctrinam
380 921 517 987 tradidit,
534 929 567 976 ut
583 921 682 974 felices
699 937 839 988 essemus,
857 931 942 992 atqne
962 921 1034 978 bane
1051 923 1236 980 felicitatem
1260 936 1299 981 et

198 995 260 1048 rita
276 1005 314 1044 ex
327 990 446 1044 'virtutis
464 991 624 1060 praeceptis
642 991 790 1056 instituta,
814 997 844 1044 et
860 1007 960 1052 amere
979 1007 1049 1062 erga
1072 993 1146 1046 alios
1169 1011 1294 1048 conse·

171 1059 175 1070 '
199 1074 360 1134 queremur.
396 1058 459 1112 Non
477 1057 544 1122 ille,
568 1074 651 1128 quam
671 1059 748 1112 docti
766 1061 872 1122 simus,
897 1075 981 1130 quesn
1001 1063 1155 1116 exercitati
1173 1063 1292 1132 dispu-

180 1132 341 1184 ·tsnonum
364 1126 540 1248 suptilitate,
564 1129 693 1196 quaerit,
720 1141 771 1180 nec
788 1127 825 1180 ob
843 1130 916 1184 ritus
938 1145 1085 1184 sacrorum
1106 1139 1158 1184 aut
1178 1145 1291 1200 poene

204 1209 364 1269 quenquam
383 1213 400 1248 a
413 1195 507 1260 liniet,
525 1202 575 1248 ant
592 1195 727 1265 praemiis
745 1196 868 1249 ornabit.
1052 1193 1057 1202 ¹

303 1263 380 1329 Quin
397 1263 491 1316 damur
507 1262 539 1315 id
553 1263 678 1332 reperis,
696 1263 728 1316 de
746 1279 849 1332 snagan
866 1265 941 1333 qnod
956 1265 1023 1319 durs
1041 1263 1145 1320 lancs‘
1227 1319 1230 1329 ,

304 1331 367 1388 Non
383 1331 472 1401 possit
487 1331 585 1400 magni
603 1330 738 1386 Messalae
758 1332 837 1414 lippo
851 1349 997 1402 propage.-
1132 1333 1135 1340 '

262 1446 265 1462 ,
301 1401 485 1469 compositum
497 1401 559 1468 jus,
571 1399 795 1472 frequencius,
821 1411 982 1471 sanctusque
1000 1418 1120 1456 recessu

305 1468 421 1532 Mente,
442 1476 470 1520 et
483 1468 622 1522 incoctum
637 1479 771 1538 generoso
789 1478 886 1538 pectus
903 1470 1032 1526 bonerto!

303 1537 365 1592 Hac
383 1538 448 1590 cedo
466 1545 501 1588 ot
516 1537 672 1590 amoveam
691 1538 818 1607 ternpls's,
836 1546 865 1591 et
874 1539 962 1612 farre
980 1537 1065 1592 litabo
1081 1540 1118 1601 ⁴⁸).

268 1607 380 1674 spissat
398 1606 472 1658 enim
491 1606 588 1668 nobis,
617 1608 740 1658 animum
759 1614 886 1661 nentrum
906 1609 941 1660 iis
959 1608 1089 1661 versibus
1107 1607 1280 1674 declarare,

194 1678 302 1748 qulbus
327 1675 376 1727 rix
399 1673 549 1728 sublimius
570 1675 841 1742 quidquamrerins
862 1691 897 1728 ue
916 1677 1015 1729 Musae
1032 1677 1178 1729 Romanae
1197 1681 1281 1730 ceci-

199 1749 322 1808 nerunt).
357 1741 447 1795 Facili
468 1742 557 1811 igitur
574 1757 662 1810 opera
677 1742 729 1794 illa
746 1692 890 1797 discordia
907 1745 1014 1808 deleri,
1043 1745 1192 1813 omnisque
1213 1747 1277 1798 dis·

200 1829 300 1869 sensus
324 1809 388 1864 tolli
406 1817 509 1879 potest.
544 1810 751 1864 Persuadenrus
770 1812 865 1876 nobis,
890 1813 1041 1866 convenire
1058 1813 1200 1866 nobiseum
1221 1829 1270 1864 re-

198 1883 293 1951 liquos
311 1881 346 1934 de
363 1879 399 1930 lis
416 1879 578 1942 sententiis,
601 1893 673 1948 quae
691 1886 821 1934 naturam
839 1879 1017 1934 Christianae
1036 1879 1176 1942 doctrinae
1193 1895 1264 1934 con·

199 1953 335 2005 stituunts
365 1963 420 1999 non
444 1947 510 1999 ideo
537 1946 616 1999 nefas
643 1963 721 2010 esse,
752 1947 787 2002 ab
810 1950 894 2002 ar‘itis
916 1948 1096 2017 opinionibus
1121 1947 1268 2012 recedere,

199 2017 360 2090 quia-olim
378 2017 460 2083 pueri
476 2016 541 2084 jure
555 2017 679 2083 jurando
698 2017 734 2068 iis
751 2017 882 2070 adstricti
898 2019 1001 2070 simus:
1027 2029 1126 2070 errare
1132 2016 1272 2137 potuisse

200 2103 264 2151 eos,
292 2101 362 2154 quos
385 2091 516 2136 auctores
541 2099 707 2202 segnamur,
728 2101 788 2138 *nec
808 2085 922 2138 illorum
944 2085 1026 2138 libris
1050 2099 1114 2137 eam
1154 2085 1273 2138 demet

198 2155 411 2210 venerationem
434 2158 567 2220 praestan
587 2168 632 2204 arn
656 2167 732 2215 esse,
757 2169 829 2221 quae
852 2155 922 2208 solis
940 2154 1042 2208 divinis
1061 2153 1143 2206 libris
1164 2153 1269 2206 debea-

197 2232 262 2278 tare
285 2237 336 2274 nos
355 2222 390 2273 de
408 2219 505 2272 multis
524 2222 635 2272 sendus
649 2221 796 2289 judicare,
813 2237 864 2276 nec
882 2237 972 2290 pauca
989 2222 1148 2290 scripturae
1166 2235 1271 2274 sacrae

198 2293 264 2346 loca
280 2288 382 2344 melius
400 2289 600 2355 interpretari,
629 2303 712 2356 quam
729 2291 853 2357 nrajores
870 2291 976 2344 nostri:
1003 2303 1055 2344 nee
1072 2304 1134 2342 esse
1151 2291 1181 2342 in
1201 2304 1271 2342 exa·

198 2359 332 2415 minanda
349 2357 490 2410 scatentia
509 2358 713 2424 quaerendum,
732 2373 767 2410 an
786 2359 903 2427 antique
919 2357 972 2412 illa
988 2357 1041 2423 sit,
1060 2375 1096 2410 an
1113 2375 1131 2410 a
1147 2359 1271 2428 majori·
1326 2395 1328 2410 .

200 2429 254 2482 bus
272 2427 353 2480 nobis
372 2425 494 2490 tradite,
521 2440 556 2478 an
574 2423 738 2480 seculiXV.
753 2427 917 2480 doctoribus
934 2427 1069 2495 prebete,
1087 2426 1139 2478 sed
1159 2429 1270 2478 verita-

200 2505 260 2550 tem
278 2494 355 2547 illins
373 2493 461 2546 solam
480 2493 671 2561 spectandam.
708 2495 786 2547 llaec
804 2497 827 2546 si
848 2495 1022 2564 cogitamus,
1039 2495 1139 2564 quidni
1158 2496 1272 2562 promti

199 2567 288 2619 simus
307 2563 343 2616 ad
360 2577 458 2615 mansis
470 2561 645 2631 junvsndust
672 2563 777 2624 verum
791 2562 861 2626 haec
873 2565 1025 2617 concordia
1035 2563 1179 2626 conciliis,
1196 2579 1269 2631 eyn·

157 2631 162 2636 ’
201 2635 264 2688 ndis
288 2639 317 2686 et
337 2601 590 2699 disputationibus,
623 2631 724 2696 quibus
748 2637 798 2684 ant
822 2635 914 2701 major
937 2634 1095 2688 mimorum
1113 2631 1201 2682 ardor
1219 2649 1271 2686 ac-

200 2701 345 2774 cenditur,
376 2705 425 2750 aut
448 2704 509 2750 tots
534 2713 579 2750 res
597 2699 632 2750 ad
650 2699 839 2752 subtilitatem
857 2702 977 2763 recidit,
1006 2701 1116 2752 minime
1135 2697 1269 2750 obtineri

199 2783 284 2840 posse
301 2765 424 2819 ridetur.
460 2767 504 2818 Tu
522 2767 635 2834 igitur,
650 2767 820 2821 immortalis
839 2769 933 2832 Dens,
952 2768 998 2822 iac
1016 2765 1206 2828 munumina,
1227 2773 1267 2818 ut

113 2839 122 2856 '
199 2837 313 2890 tandem
337 2835 388 2887 ille
411 2833 591 2886 felicissimus
616 2835 676 2886 dies
695 2837 803 2899 reniet,
836 2837 884 2902 qui
902 2851 937 2890 ex
956 2835 1105 2890 multorum
1123 2848 1268 2886 maurum

201 2905 376 2958 dissensione
393 2902 430 2954 ed
449 2917 531 2953 unam
551 2903 716 2954 societatem
735 2905 971 2972 concordiamque
989 2910 1135 2957 revocatos
1152 2902 1267 2954 animos

104 2979 109 2996 ¹
200 2971 366 3043 conjungati
406 2970 478 3022 Dele
502 2977 619 3024 cruenta
642 2972 778 3041 vestigia,
806 2987 879 3039 quae
902 2981 999 3026 terrae
1023 2971 1103 3024 furor
1125 2968 1266 3024 humanus
1325 2969 1326 3023 l

199 3041 361 3110 impressit,
379 3045 464 3106 atque
481 3039 560 3104 odia,
578 3039 680 3105 quibus
698 3041 773 3093 inter
790 3056 821 3093 se
839 3041 978 3094 dissident
991 3039 1158 3102 Christiani,
1176 3037 1263 3090 tollel

200 3110 363 3164 communis
377 3107 500 3160 omnium
516 3107 679 3159 mortalium
693 3117 775 3178 pater
789 3124 834 3162 es:
856 3125 954 3163 omnes
964 3125 1054 3162 amas:
1071 3121 1169 3161 omnes
1179 3107 1263 3158 beate
1324 3151 1325 3156 ,

199 3185 230 3232 et
246 3176 400 3243 tranquille
417 3175 514 3227 virere
532 3177 629 3242 cupis;
644 3178 773 3230 omnibus
792 3179 910 3232 eandem
928 3177 1074 3234 felicitatis
1093 3175 1262 3244 magnitude

198 3259 263 3300 nem
307 3245 404 3297 aresti.
439 3241 529 3298 biiiice
553 3244 657 3312 igitur,
683 3254 727 3308 ut,
758 3261 829 3312 qnos
852 3245 920 3300 olim
947 3261 1017 3300 rore
1035 3259 1148 3312 unoque
1169 3243 1261 3296 animo

148 3361 150 3371 ,
199 3323 264 3368 tuas
287 3261 393 3364 ¹iaudes
421 3312 544 3364 aeternis
572 3313 742 3364 carnrinibus
766 3314 960 3368 celebraturos
985 3329 1062 3378 esse,
1095 3311 1260 3380 promisisti,

199 3382 313 3438 tandem
335 3386 473 3448 perpetua
496 3380 671 3448 concordia„
692 3382 837 3447 amicitia,
867 3385 1029 3448 amorisque
1052 3381 1259 3447 conspiratione

199 3449 273 3514 isui,
303 3447 430 3515 nihilque
453 3447 507 3498 tibi
529 3445 583 3500 hac
606 3447 698 3500 anrica
721 3451 880 3504 animorum
903 3450 1088 3506 consensione
1110 3445 1258 3518 jucundius

199 3533 277 3582 esse,
296 3518 350 3570 sibi
369 3515 541 3584 persuadere
559 3515 710 3584 incipienti
922 3537 929 3550 ¹

202 3595 412 3632 ffl-

200 3657 224 3711 'l
240 3653 309 3709 l’rrs.
325 3651 376 3697 su.
389 3648 424 3696 11.
436 3655 499 3696 extr.

604 3841 854 3927 Corrigenda.

200 3959 311 4016 Pas-18.
340 3957 386 4003 lin.
401 3963 438 4004 28.
469 3957 487 4002 1.
505 3959 553 4004 s'lln
569 3961 671 4006 sestula.

213 4037 242 4049 -
276 4021 312 4062 b'l·
351 4037 380 4048 ···
414 4021 437 4060 4.
468 4014 641 4062 delectassent.

214 4095 243 4106 -
276 4077 312 4118 or.
352 4093 380 4103 -
399 4076 434 4118 tn.
467 4069 486 4116 l.
502 4074 636 4119 usitatiori
651 4073 696 4117 illo
710 4075 826 4132 pruritu.

213 4151 242 4162 -
276 4135 312 4176 st.
352 4150 382 4160 —
415 4133 436 4174 d·
466 4129 485 4174 l.
503 4129 646 4187 vociferata
662 4137 706 4176 ert.

214 4206 242 4218 ¹-
277 4192 314 4232 84-
355 4205 383 4218 ·-
403 4190 439 4230 er.
471 4185 654 4234 induimur.
