2658 4916
693 323 774 394 ist
834 349 836 356 ·

205 527 211 540 ‚
234 487 237 496 ⁴
269 443 302 538 Si
316 437 389 540 sero
401 479 460 555 jam
475 438 607 554 reputes,
624 487 674 554 qui
691 485 808 540 tandem
823 485 881 540 sint
891 481 937 538 lili
946 483 1109 540 litterarum
1122 485 1154 538 et
1167 483 1283 540 doctri·

103 579 111 584 ’
201 567 257 607 nne
279 555 376 618 Tuae,
405 559 507 621 (quem
536 557 634 607 omnes
658 556 751 610 sciunt
772 555 802 606 in
826 551 886 614 hoo·
899 554 1145 624 jurisprudentiae
1167 567 1283 623 genere

202 637 336 754 toltit
352 625 429 742 titi
444 618 797 757 {institisti
810 623 917 743 &titi
929 623 1283 760 titillamentis

203 759 387 824 horantibus,
411 760 472 810 sive
495 760 590 827 potius
615 707 651 812 ai>
674 760 775 814 eodem
801 763 899 812 errore
917 761 1024 828 captis:
1053 766 1083 810 at
1101 759 1167 826 qnid
1187 756 1282 811 habes

204 827 375 896 praetereat
400 825 479 879 Nihil
495 843 578 891 sanc,
596 843 693 896 quam,
712 828 787 896 quod
805 829 844 891 ii,
863 829 911 896 qui
928 826 979 879 has
996 827 1110 880 litteras
1127 825 1282 880 humanio-

204 911 266 958 res,
292 895 338 946 vel
356 896 500 959 nesciunt,
530 895 577 946 vel
594 897 689 964 potius
706 897 848 966 ignorare·
858 895 972 960 volunt,
992 897 1034 946 Ta
1052 911 1087 948 ex
1106 897 1194 960 animi
1214 910 1281 948 sen·

204 965 295 1016 tentia
309 964 465 1025 irrideant,
484 970 513 1016 et
533 979 630 1016 errare
648 970 755 1034 putent.
791 965 914 1020 Videsne
926 961 1118 1032 huctempore
1133 964 1283 1032 quendam
1321 995 1322 1022 2

206 1032 410 1099 elegantiorem
432 1037 462 1083 et
479 1033 627 1084 nobilioris
640 1031 752 1103 generis
765 1031 925 1095 hominem,
942 1033 991 1152 qui
1001 1030 1102 1084 harum
1113 1032 1283 1084 litterarum

204 1101 330 1152 studium
347 1115 411 1152 enm
427 1102 501 1170 juris
520 1101 670 1170 disciplina
686 1101 757 1153 velit
770 1104 945 1172 coniungere
983 1100 1052 1165 Quis
1071 1101 1281 1154 esterectioris

177 1177 179 1182 ’
206 1169 305 1230 animi,
326 1170 392 1236 quin
410 1167 591 1222 rehenrenter
607 1168 651 1221 illi
664 1165 771 1222 Jacolro
786 1169 919 1234 Cuiaclo,
939 1170 1055 1237 ejusque
1074 1169 1281 1233 sectatoribus,

152 1239 154 1244 '
206 1238 354 1298 exanimo
373 1237 540 1301 maledicat,
561 1239 622 1306 qui,
641 1239 764 1290 invidiae
779 1238 904 1304 stimulis
916 1237 1043 1301 incitati,
1062 1245 1091 1288 et
1103 1235 1219 1306 gloriae
1236 1255 1279 1290 cu-

162 1317 165 1322 ·
206 1306 328 1374 piditate
344 1305 467 1370 incensi,
486 1306 570 1358 Baldi
587 1305 738 1362 etBartoli
753 1308 894 1360 rationem
907 1307 970 1358 ausi
980 1312 1046 1357 sunt
1056 1303 1278 1373 reprehendere,

118 1420 123 1428 .
206 1389 306 1425 noram
326 1381 514 1428 monstrantes
532 1376 608 1426 viam
626 1375 661 1427 ed
678 1375 945 1444 jurisprudentiam,
962 1373 1185 1438 tad-molestam,
1206 1371 1280 1426 disli-

207 1443 307 1506 eilem‚
325 1440 488 1506 horridam,
506 1450 537 1494 et
554 1459 572 1495 a
588 1444 693 1496 nostris
710 1443 888 1512 temporibus
905 1441 1046 1494 alienami
1075 1442 1129 1494 llla
1145 1457 1278 1495 verona·

206 1512 351 1578 tiquorum
367 1512 627 1580 jureconsultorum
646 1512 721 1564 ratio
739 1505 947 1580 interpretandi
958 1511 1051 1580 magis
1063 1511 1193 1564 mascula
1207 1517 1277 1575 erat,

193 1574 237 1632 ‘et
254 1576 415 1631 nostrorum
432 1578 576 1632 hominum
590 1581 711 1648 ingeniis
722 1581 949 1645 accommodum
968 1595 1032 1634 cum
1043 1579 1174 1630 derebus
1187 1580 1277 1650 magis

209 1654 302 1699 essent
320 1647 451 1710 solliciti,
474 1649 562 1700 verba
578 1663 836 1722 sermonumque
853 1647 1022 1700 muliebrem
1040 1654 1222 1700 venustatem
1240 1649 1276 1698 ri·

208 1716 302 1768 riliter
320 1715 514 1786 negligerent,
533 1719 623 1784 ireque
641 1717 714 1768 adeo
731 1732 817 1786 aegre
834 1715 959 1780 lerrent,
977 1717 1003 1768 si
1020 1715 1134 1783 quaudo
1154 1731 1218 1768 cum
1235 1714 1272 1768 ti·

40 1827 47 1850 ,
117 1786 122 1803 ’
208 1785 301 1835 storia
316 1790 346 1835 et
359 1783 511 1835 verborum
529 1785 640 1837 ratione
651 1786 852 1854 interpretatio
870 1800 968 1840 eorum
983 1785 1127 1837 diceretur
1142 1799 1267 1868 pugnare.

209 1855 244 1904 lit
256 1858 322 1902 tunc
331 1851 380 1902 ille
390 1853 522 1904 inimicus
536 1859 659 1905 remeet
669 1853 748 1905 utilis
754 1853 1129 1922 jurisprudentiaeiaeobus
1137 1853 1262 1922 CuJacius,

209 1921 330 1972 nominis
345 1921 478 1988 captandi
495 1937 595 1986 causa,
614 1937 701 1973 noras
717 1923 919 1991 jureconsultis
934 1921 1012 1990 leges
1028 1921 1161 1988 scripsit,
1179 1921 1264 1974 durio·

209 2001 255 2040 res
279 2003 326 2039 eas
349 1995 378 2040 ct
402 2005 499 2040 omncs
522 1990 584 2042 iere
605 1988 749 2042 hominum
773 1991 849 2042 vires
874 1990 1053 2042 excedentes.
1089 1989 1179 2046 Subse
1197 1988 1271 2040 uenti

178 2065 183 2079 ¹
209 2066 354 2126 tempore,
373 2073 435 2109 cum
450 2057 541 2110 adhuc
556 2066 831 2127 superessctmogna
843 2059 1059 2126 Gujacianorom
1074 2005 1274 2125 discipniormn

209 2128 310 2188 turba,
329 2140 411 2177 error
422 2128 531 2195 Ceionii
545 2129 636 2194 magis
649 2125 705 2178 luit
723 2125 823 2180 horum
835 2127 994 2178 ministerio
1005 2133 1197 2194 propagatus,
1215 2141 1274 2177 con·

210 2197 349 2261 temtiquc
371 2209 484 2256 omnes,
511 2197 557 2263 qui
578 2203 644 2247 arrte
663 2195 809 2264 Cujacium
826 2197 972 2260 riserant,
987 2193 1201 2316 1ἔλιπιςεοηεηήῆ,
1227 2195 1274 2256 ita,

122 2271 125 2280 ‘
210 2269 243 2313 ut
258 2261 363 2314 infame
377 2261 438 2313 iere
450 2263 663 2315 Bartolinorum
680 2265 829 2316 rideretur
841 2273 951 2316 nomen.
1014 2278 1148 2322 nnerero
1160 2263 1276 2330 pristina

208 2329 298 2382 iacies
312 2331 561 2399 jurisprudentiae
574 2332 687 2384 reddita
704 2332 835 2396 videtur,
853 2335 952 2384 corum
969 2329 1125 2395 heneficio,
1145 2331 1193 2397 qui
1209 2331 1275 2382 liar·

209 2398 265 2450 toli
288 2399 466 2466 disciplinam
487 2401 600 2452 exulem
618 2413 670 2468 per
688 2400 798 2468 aliquot
815 2400 910 2452 secula
927 2401 956 2450 in
974 2407 1101 2451 retorem
1119 2400 1216 2450 sedem
1236 2413 1275 2451 rc·

210 2469 375 2519 stituerunt.
411 2469 493 2531 Quod
517 2467 667 2521 humanum
691 2470 752 2520 sine
772 2469 857 2520 dubio
876 2470 1037 2536 bonumque
1055 2466 1162 2519 factum
1180 2467 1276 2518 existi·

209 2537 342 2588 mandam
361 2542 419 2600 cst,
435 2553 499 2602 cum
514 2537 599 2589 sinml
613 2535 728 2589 reddita
742 2537 863 2589 libertas
878 2538 914 2588 iis
926 2537 1056 2589 omnibus
1066 2537 1210 2598 videatur,
1229 2536 1278 2602 qui

210 2605 239 2655 in
258 2601 410 2656 durissima
427 2606 565 2674 servitute
583 2605 744 2658 litterarum
758 2606 931 2658 ludicrarum
951 2614 972 2657 a*
979 2605 1088 2673 cujacii
1099 2603 1215 2656 nantolis
1227 2602 1276 2654 ha-

209 2671 363 2735 lsebantur,
381 2689 455 2789 ponc
468 2688 536 2726 vero
544 2710 553 2739 ,
569 2675 700 2744 suijuris
716 2673 784 2727 iacti
799 2689 910 2726 omnem
923 2674 1100 2741 antiquitatis
1114 2671 1273 2739 squalorem

230 2746 346 2792 oterunt
363 2754 471 2798 suere,
839 2777 843 2792 .
889 2747 891 2750 '
1023 2769 1026 2778 ι

210 2755 229 2850 ¹.)
280 2807 372 2872 Quid,
397 2823 518 2876 quaeso,
535 2810 595 2878 jam
615 2809 660 2861 Tu
677 2809 783 2862 faciest
809 2809 908 2866 Nonne
925 2810 1061 2874 times,·a
1076 2807 1165 2860 nostri
1184 2805 1280 2858 mculi
1319 2785 1321 2840 i

212 2877 412 2930 ’ureconsultis
434 2878 476 2928 Te
502 2892 667 2950 oppressum
691 2879 746 2930 iril
776 2882 834 2948 Age
859 2893 942 2942 vero,
970 2878 1098 2945 relinque
1120 2876 1279 2946 Cujacium,

241 2943 391 3010 uarcnuni,
405 2947 605 3014 Augustinum,
619 2945 827 3009 Gothosredos,
842 2946 1011 3010 Donellunr,
1024 2946 1172 3006 Vettium,
1182 2943 1279 2996 Nood·

211 3015 297 3079 tium,
313 3013 524 3078 Brummerum,
543 3015 802 3084 ll'estenbergium,
819 3013 1133 3082 Bynelrershoeckium,
1151 3012 1279 3064 Gebaue·

210 3097 273 3133 rum
283 3121 290 3146 ,
302 3067 501 3150 Wifflinginm,
515 3082 690 3147 Ruclrerum,
701 3084 887 3146 Malansium,
899 3085 1111 3146 Mermannnm,
1124 3082 1278 3144 llittcrum3
1319 3085 1320 3090 ’

193 3150 332 3203 'Bartolo
364 3153 455 3213 otius,
473 3151 580 3214 Baldo,
600 3152 766 3220 campegim
787 3151 968 3220 Butrigario,
987 3151 1125 3220 llogen'o,
1145 3149 1279 3216 Diplora-
1319 3171 1320 3247 p

210 3167 491 3283 tacciml'ianuccio,
504 3218 847 3284 ethorumseetatoribus,
861 3220 1017 3272 subscribe.
1034 3217 1164 3282 Videbis,
1177 3225 1280 3286 quanta

211 3285 264 3340 hac
284 3288 512 3355 opinionis'l'uae
533 3288 746 3352 immutatione,
771 3289 856 3340 rebus
868 3288 938 3340 Tuis
955 3289 1013 3339 sint
1032 3286 1227 3338 emolumenta
1238 3302 1279 3337 ac·

194 3371 334 3408 sessura.
370 3357 468 3410 Abiice
487 3355 689 3420 (inaeniorum,
716 3355 940 3420 Gronoriorum‚
966 3354 1280 3434 Casmrbonorumyl‘e-

211 3425 403 3489 meoniorum,
422 3423 626 3486 Christiorum,
644 3423 850 3489 Gesnerorum,
865 3425 1117 3490 Ernestiorumqne
1132 3423 1243 3490 scripta
1254 3426 1279 3471 et

183 3553 185 3560 Ι
208 3494 241 3546 in
260 3497 514 3545 auctoresvetores
527 3494 760 3556 commentarios,
780 3493 1088 3561 etpotiusSincerom‚
1108 3489 1278 3543 Gottschlin·

211 3562 307 3630 glum,
318 3560 508 3626 iunctorum,
521 3561 680 3614 lilinellium
695 3561 870 3613 eti'aronios
885 3561 1143 3613 istoslllinellianos
1157 3559 1274 3626 perlege.

211 3629 309 3681 Abiice
327 3629 508 3693 Ciceronem,
540 3630 669 3692 Livium,
700 3630 895 3693 Herodotum,
928 3635 970 3692 et,
1001 3643 1082 3696 quem
1107 3628 1202 3694 ipsum
1221 3627 1274 3677 Tua

212 3711 299 3764 opera
317 3700 477 3762 exornasti,
496 3696 729 3766 Xenophontem,
748 3700 777 3750 et
794 3700 888 3766 potius
907 3697 1075 3749 Tractatum
1094 3696 1277 3748 'l'ractatunm

212 3763 344 3834 diligenti
369 3781 452 3818 manu
476 3773 578 3818 tracta.
614 3766 661 3819 Sic
686 3781 782 3818 omnes
808 3767 850 3817 Te
872 3765 1099 3833 jureconsultnm
1128 3764 1165 3814 ad
1190 3775 1281 3814 mores

212 3834 300 3887 seculi
325 3835 514 3902 compositum
538 3835 751 3886 existinrabnnt.
787 3835 833 3888 Sic
854 3835 999 3886 adnabunt
1017 3831 1131 3896 thuani,
1159 3837 1192 3882 et
1210 3835 1283 3882 ceta·
1317 3892 1318 3906 χ

212 3903 256 3954 ria
273 3910 409 3954 crescent.
422 3903 448 3964 *l
597 3905 611 3942 l
1054 3939 1059 3948 .

125 4012 128 4022 .
179 4006 190 4017 .
223 4005 232 4012 »κ
279 3971 360 4022 Haec
375 3985 446 4022 nero
464 3968 608 4023 suiiioiant
624 3969 655 4022 in
671 3984 805 4038 praesens
824 3969 939 4022 dixisse.
976 3971 1049 4022 Usus
1067 3983 1147 4029 suni,
1172 3971 1207 4018 ut
1226 3964 1286 4032 opi·
1317 4019 1318 4030 γ

210 4051 280 4102 nor,
297 4039 334 4090 iis
350 4040 540 4110 argumentis,
566 4039 667 4107 quibus
687 4036 815 4106 Orpheus
833 4037 1053 4108 lapidesaeque
1073 4035 1174 4104 facile,
1200 4045 1286 4102 quant
1317 4043 1318 4052 ²

213 4264 238 4316 ¹)
254 4259 316 4304 i'ide
332 4260 456 4306 lloraliunr
471 4260 524 4306 Lib.
541 4258 573 4306 ll·
590 4258 639 4307 Sei.
654 4265 676 4306 5.
693 4273 716 4305 t·
731 4263 770 4306 li·
