<?xml version="1.0" encoding="UTF-8"?>
<!DOCTYPE html PUBLIC "-//W3C//DTD XHTML 1.0 Transitional//EN"
    "http://www.w3.org/TR/xhtml1/DTD/xhtml1-transitional.dtd">
<html xmlns="http://www.w3.org/1999/xhtml" xml:lang="en" lang="en">
 <head>
  <title>
</title>
<meta http-equiv="Content-Type" content="text/html;charset=utf-8" />
  <meta name='ocr-system' content='tesseract 3.04.00' />
  <meta name='ocr-capabilities' content='ocr_page ocr_carea ocr_par ocr_line ocrx_word'/>
</head>
<body>
  <div class='ocr_page' id='page_1' title='image "./fridericiplatne00platgoog_0173.png"; bbox 0 0 2658 4916; ppageno 0'>
   <div class='ocr_carea' id='block_1_1' title="bbox 692 357 766 428">
    <p class='ocr_par' dir='ltr' id='par_1_1' title="bbox 692 357 766 428">
     <span class='ocr_line' id='line_1_1' title="bbox 692 357 766 428; baseline -0.014 0"><span class='ocrx_word' id='word_1_1' title='bbox 692 357 766 428; x_wconf 80' lang='lat'><strong>146</strong></span> 
     </span>
    </p>
   </div>
   <div class='ocr_carea' id='block_1_2' title="bbox 200 565 1134 817">
    <p class='ocr_par' dir='ltr' id='par_1_2' title="bbox 200 565 1134 817">
     <span class='ocr_line' id='line_1_2' title="bbox 200 565 1134 686; baseline -0.01 -26"><span class='ocrx_word' id='word_1_2' title='bbox 200 679 204 686; x_wconf 21' lang='grc' dir='ltr'>Ι</span> <span class='ocrx_word' id='word_1_3' title='bbox 292 565 1134 684; x_wconf 71' lang='grc' dir='ltr'>-ιιιιιίιιιιιιιιιιιιιόοιιιιιιι</span> 
     </span>
     <span class='ocr_line' id='line_1_3' title="bbox 518 698 950 817; baseline 0 -9"><span class='ocrx_word' id='word_1_4' title='bbox 518 741 612 817; x_wconf 69' lang='lat' dir='ltr'><strong>err.</strong></span> <span class='ocrx_word' id='word_1_5' title='bbox 643 698 721 810; x_wconf 72' lang='lat' dir='ltr'><strong>aa.</strong></span> <span class='ocrx_word' id='word_1_6' title='bbox 752 742 950 816; x_wconf 61' lang='lat' dir='ltr'><strong>esocen·</strong></span> 
     </span>
    </p>
   </div>
   <div class='ocr_carea' id='block_1_3' title="bbox 671 863 781 921">
    <p class='ocr_par' dir='ltr' id='par_1_3' title="bbox 671 863 781 921">
     <span class='ocr_line' id='line_1_4' title="bbox 671 863 781 921; baseline 0 -15"><span class='ocrx_word' id='word_1_7' title='bbox 671 863 781 921; x_wconf 77' lang='lat' dir='ltr'><strong>prolusio</strong></span> 
     </span>
    </p>
   </div>
   <div class='ocr_carea' id='block_1_4' title="bbox 189 917 1286 1110">
    <p class='ocr_par' dir='ltr' id='par_1_4' title="bbox 189 917 1286 1110">
     <span class='ocr_line' id='line_1_5' title="bbox 189 917 1286 1076; baseline -0.007 -62"><span class='ocrx_word' id='word_1_8' title='bbox 189 917 226 1014; x_wconf 76' lang='lat' dir='ltr'><strong>de</strong></span> <span class='ocrx_word' id='word_1_9' title='bbox 251 949 400 1012; x_wconf 75' lang='lat' dir='ltr'><strong>inimico</strong></span> <span class='ocrx_word' id='word_1_10' title='bbox 425 951 665 1076; x_wconf 57' lang='lat' dir='ltr'><strong>tleoicpcrom</strong></span> <span class='ocrx_word' id='word_1_11' title='bbox 683 939 890 1022; x_wconf 68' lang='lat' dir='ltr'><strong>quorundam</strong></span> <span class='ocrx_word' id='word_1_12' title='bbox 906 951 942 1004; x_wconf 81' lang='lat' dir='ltr'><strong>s&#39;n</strong></span> <span class='ocrx_word' id='word_1_13' title='bbox 958 949 1085 1005; x_wconf 81' lang='lat' dir='ltr'><strong>studiis</strong></span> <span class='ocrx_word' id='word_1_14' title='bbox 1103 949 1286 1010; x_wconf 49' lang='lat' dir='ltr'><strong>literali-¹</strong></span> 
     </span>
     <span class='ocr_line' id='line_1_6' title="bbox 389 1015 1158 1110; baseline 0 -34"><span class='ocrx_word' id='word_1_15' title='bbox 389 1041 426 1110; x_wconf 37' lang='lat'><strong>·&#39;</strong></span> <span class='ocrx_word' id='word_1_16' title='bbox 459 1021 518 1076; x_wconf 79' lang='lat' dir='ltr'><strong>bus</strong></span> <span class='ocrx_word' id='word_1_17' title='bbox 556 1015 998 1091; x_wconf 65' lang='lat' dir='ltr'><strong>s&#39;judioaadt‘sucbrbitate.</strong></span> <span class='ocrx_word' id='word_1_18' title='bbox 1067 1041 1070 1052; x_wconf 93' lang='lat'>·</span> <span class='ocrx_word' id='word_1_19' title='bbox 1147 1041 1158 1076; x_wconf 84' lang='grc' dir='ltr'>ι</span> 
     </span>
    </p>
   </div>
   <div class='ocr_carea' id='block_1_5' title="bbox 525 1139 818 1210">
    <p class='ocr_par' dir='ltr' id='par_1_5' title="bbox 525 1139 818 1210">
     <span class='ocr_line' id='line_1_7' title="bbox 525 1139 818 1210; baseline -0.003 -18"><span class='ocrx_word' id='word_1_20' title='bbox 525 1167 531 1184; x_wconf 84' lang='grc'><strong>·.</strong></span> <span class='ocrx_word' id='word_1_21' title='bbox 631 1139 674 1192; x_wconf 83' lang='lat' dir='ltr'><strong>Ad</strong></span> <span class='ocrx_word' id='word_1_22' title='bbox 690 1153 757 1210; x_wconf 83' lang='lat' dir='ltr'><strong>pag.</strong></span> <span class='ocrx_word' id='word_1_23' title='bbox 776 1139 818 1192; x_wconf 80' lang='lat'><strong>22.</strong></span> 
     </span>
    </p>
   </div>
   <div class='ocr_carea' id='block_1_6' title="bbox 180 1237 1325 1924">
    <p class='ocr_par' dir='ltr' id='par_1_6' title="bbox 180 1237 1325 1924">
     <span class='ocr_line' id='line_1_8' title="bbox 200 1237 1270 1312; baseline -0.002 -16"><span class='ocrx_word' id='word_1_24' title='bbox 200 1273 203 1284; x_wconf 89' lang='lat'><strong>·</strong></span> <span class='ocrx_word' id='word_1_25' title='bbox 257 1241 422 1296; x_wconf 80' lang='lat' dir='ltr'><strong>Dicendum.</strong></span> <span class='ocrx_word' id='word_1_26' title='bbox 433 1241 516 1293; x_wconf 84' lang='lat' dir='ltr'><strong>nobis</strong></span> <span class='ocrx_word' id='word_1_27' title='bbox 533 1238 593 1294; x_wconf 42' lang='lat' dir='ltr'><strong>fcit*</strong></span> <span class='ocrx_word' id='word_1_28' title='bbox 605 1237 758 1308; x_wconf 76' lang='lat' dir='ltr'><strong>aliquoties</strong></span> <span class='ocrx_word' id='word_1_29' title='bbox 776 1240 811 1294; x_wconf 89' lang='lat' dir='ltr'><strong>de</strong></span> <span class='ocrx_word' id='word_1_30' title='bbox 827 1238 980 1294; x_wconf 83' lang='lat' dir='ltr'><strong>inhumano</strong></span> <span class='ocrx_word' id='word_1_31' title='bbox 993 1240 1270 1312; x_wconf 69' lang='lat' dir='ltr'><strong>quorundamiuge·</strong></span> 
     </span>
     <span class='ocr_line' id='line_1_9' title="bbox 189 1309 1325 1380; baseline -0.002 -14"><span class='ocrx_word' id='word_1_32' title='bbox 189 1314 252 1377; x_wconf 91' lang='lat' dir='ltr'><strong>nio,</strong></span> <span class='ocrx_word' id='word_1_33' title='bbox 270 1312 333 1380; x_wconf 91' lang='lat' dir='ltr'><strong>qui,</strong></span> <span class='ocrx_word' id='word_1_34' title='bbox 352 1310 420 1363; x_wconf 87' lang='lat' dir='ltr'><strong>licet</strong></span> <span class='ocrx_word' id='word_1_35' title='bbox 437 1325 499 1360; x_wconf 90' lang='lat' dir='ltr'><strong>eam</strong></span> <span class='ocrx_word' id='word_1_36' title='bbox 519 1309 697 1380; x_wconf 71' lang='lat' dir='ltr'><strong>disciplinam</strong></span> <span class='ocrx_word' id='word_1_37' title='bbox 715 1309 920 1378; x_wconf 81' lang='lat' dir='ltr'><strong>profiteantur,</strong></span> <span class='ocrx_word' id='word_1_38' title='bbox 941 1311 1021 1378; x_wconf 78' lang='lat' dir='ltr'><strong>cujus</strong></span> <span class='ocrx_word' id='word_1_39' title='bbox 1039 1317 1139 1362; x_wconf 80' lang='lat' dir='ltr'><strong>auctor</strong></span> <span class='ocrx_word' id='word_1_40' title='bbox 1158 1315 1191 1360; x_wconf 89' lang='lat' dir='ltr'><strong>et</strong></span> <span class='ocrx_word' id='word_1_41' title='bbox 1204 1327 1268 1364; x_wconf 80' lang='lat' dir='ltr'><strong>me·</strong></span> <span class='ocrx_word' id='word_1_42' title='bbox 1324 1365 1325 1368; x_wconf 67' lang='grc'>,</span> 
     </span>
     <span class='ocr_line' id='line_1_10' title="bbox 188 1377 1267 1452; baseline -0.004 -18"><span class='ocrx_word' id='word_1_43' title='bbox 188 1384 279 1452; x_wconf 78' lang='lat' dir='ltr'><strong>gister</strong></span> <span class='ocrx_word' id='word_1_44' title='bbox 295 1377 533 1448; x_wconf 79' lang='lat' dir='ltr'><strong>perfectissimum</strong></span> <span class='ocrx_word' id='word_1_45' title='bbox 552 1377 607 1430; x_wconf 84' lang='lat' dir='ltr'><strong>fuit</strong></span> <span class='ocrx_word' id='word_1_46' title='bbox 624 1379 847 1430; x_wconf 80' lang='lat' dir='ltr'><strong>mensuetudinis</strong></span> <span class='ocrx_word' id='word_1_47' title='bbox 864 1377 1039 1445; x_wconf 86' lang='lat' dir='ltr'><strong>exemplum,</strong></span> <span class='ocrx_word' id='word_1_48' title='bbox 1061 1379 1199 1446; x_wconf 69' lang='lat' dir='ltr'><strong>utriusque</strong></span> <span class='ocrx_word' id='word_1_49' title='bbox 1220 1395 1267 1430; x_wconf 92' lang='lat' dir='ltr'><strong>su-</strong></span> 
     </span>
     <span class='ocr_line' id='line_1_11' title="bbox 208 1446 1268 1516; baseline -0.002 -14"><span class='ocrx_word' id='word_1_50' title='bbox 208 1465 288 1503; x_wconf 85' lang='lat' dir='ltr'><strong>rema</strong></span> <span class='ocrx_word' id='word_1_51' title='bbox 304 1447 369 1516; x_wconf 80' lang='lat' dir='ltr'><strong>lege</strong></span> <span class='ocrx_word' id='word_1_52' title='bbox 386 1461 467 1498; x_wconf 83' lang='lat' dir='ltr'><strong>emor</strong></span> <span class='ocrx_word' id='word_1_53' title='bbox 481 1461 550 1515; x_wconf 79' lang='lat' dir='ltr'><strong>erga</strong></span> <span class='ocrx_word' id='word_1_54' title='bbox 563 1446 834 1514; x_wconf 84' lang='lat' dir='ltr'><strong>¹clinspreecipitur,</strong></span> <span class='ocrx_word' id='word_1_55' title='bbox 853 1448 993 1500; x_wconf 84' lang='lat' dir='ltr'><strong>neminem</strong></span> <span class='ocrx_word' id='word_1_56' title='bbox 1006 1453 1103 1498; x_wconf 84' lang='lat' dir='ltr'><strong>tameo</strong></span> <span class='ocrx_word' id='word_1_57' title='bbox 1114 1447 1268 1514; x_wconf 80' lang='lat' dir='ltr'><strong>patientur</strong></span> 
     </span>
     <span class='ocr_line' id='line_1_12' title="bbox 187 1467 1268 1586; baseline -0.003 -15"><span class='ocrx_word' id='word_1_58' title='bbox 187 1467 225 1572; x_wconf 63' lang='lat' dir='ltr'><strong>he</strong></span> <span class='ocrx_word' id='word_1_59' title='bbox 249 1515 418 1586; x_wconf 82' lang='lat' dir='ltr'><strong>quibusdem</strong></span> <span class='ocrx_word' id='word_1_60' title='bbox 442 1529 511 1566; x_wconf 87' lang='lat' dir='ltr'><strong>suae</strong></span> <span class='ocrx_word' id='word_1_61' title='bbox 535 1513 680 1566; x_wconf 76' lang='lat' dir='ltr'><strong>doetrinae</strong></span> <span class='ocrx_word' id='word_1_62' title='bbox 699 1513 840 1582; x_wconf 72' lang='lat' dir='ltr'><strong>capitibus</strong></span> <span class='ocrx_word' id='word_1_63' title='bbox 857 1513 942 1566; x_wconf 86' lang='lat' dir='ltr'><strong>aliter</strong></span> <span class='ocrx_word' id='word_1_64' title='bbox 960 1513 1145 1579; x_wconf 62' lang='lat' dir='ltr'><strong>existimare-³,</strong></span> <span class='ocrx_word' id='word_1_65' title='bbox 1175 1515 1268 1568; x_wconf 85' lang='lat' dir='ltr'><strong>male-</strong></span> 
     </span>
     <span class='ocr_line' id='line_1_13' title="bbox 190 1583 1265 1650; baseline -0.004 -10"><span class='ocrx_word' id='word_1_66' title='bbox 190 1587 275 1640; x_wconf 80' lang='lat' dir='ltr'><strong>dietis</strong></span> <span class='ocrx_word' id='word_1_67' title='bbox 296 1585 486 1646; x_wconf 86' lang='lat' dir='ltr'><strong>insectentur,</strong></span> <span class='ocrx_word' id='word_1_68' title='bbox 511 1583 624 1650; x_wconf 87' lang='lat' dir='ltr'><strong>probris</strong></span> <span class='ocrx_word' id='word_1_69' title='bbox 642 1583 772 1634; x_wconf 81' lang='lat' dir='ltr'><strong>osrnibus</strong></span> <span class='ocrx_word' id='word_1_70' title='bbox 790 1589 910 1648; x_wconf 76' lang='lat' dir='ltr'><strong>vexent,</strong></span> <span class='ocrx_word' id='word_1_71' title='bbox 935 1584 1043 1635; x_wconf 85' lang='lat' dir='ltr'><strong>inrisos</strong></span> <span class='ocrx_word' id='word_1_72' title='bbox 1061 1583 1184 1636; x_wconf 76' lang='lat' dir='ltr'><strong>reddere</strong></span> <span class='ocrx_word' id='word_1_73' title='bbox 1202 1590 1265 1636; x_wconf 85' lang='lat' dir='ltr'><strong>stu·</strong></span> 
     </span>
     <span class='ocr_line' id='line_1_14' title="bbox 190 1650 1325 1721; baseline -0.003 -14"><span class='ocrx_word' id='word_1_74' title='bbox 190 1655 276 1708; x_wconf 86' lang='lat' dir='ltr'><strong>deant</strong></span> <span class='ocrx_word' id='word_1_75' title='bbox 285 1651 482 1721; x_wconf 84' lang='lat' dir='ltr'><strong>nrngistratui,</strong></span> <span class='ocrx_word' id='word_1_76' title='bbox 501 1666 552 1702; x_wconf 89' lang='lat' dir='ltr'><strong>nec</strong></span> <span class='ocrx_word' id='word_1_77' title='bbox 566 1650 732 1704; x_wconf 86' lang='lat' dir='ltr'><strong>tolerandos</strong></span> <span class='ocrx_word' id='word_1_78' title='bbox 745 1665 807 1702; x_wconf 88' lang='lat' dir='ltr'><strong>esse</strong></span> <span class='ocrx_word' id='word_1_79' title='bbox 821 1651 955 1715; x_wconf 76' lang='lat' dir='ltr'><strong>doceant,</strong></span> <span class='ocrx_word' id='word_1_80' title='bbox 974 1651 1025 1703; x_wconf 87' lang='lat' dir='ltr'><strong>sed</strong></span> <span class='ocrx_word' id='word_1_81' title='bbox 1039 1652 1263 1718; x_wconf 76' lang='lat' dir='ltr'><strong>proscribendos</strong></span> <span class='ocrx_word' id='word_1_82' title='bbox 1324 1655 1325 1664; x_wconf 77' lang='grc'>’</span> 
     </span>
     <span class='ocr_line' id='line_1_15' title="bbox 189 1718 1261 1792; baseline -0.001 -19"><span class='ocrx_word' id='word_1_83' title='bbox 189 1719 401 1792; x_wconf 75' lang='lat' dir='ltr'><strong>ejiciendosque</strong></span> <span class='ocrx_word' id='word_1_84' title='bbox 425 1733 441 1770; x_wconf 88' lang='lat' dir='ltr'><strong>e</strong></span> <span class='ocrx_word' id='word_1_85' title='bbox 464 1719 594 1781; x_wconf 83' lang='lat' dir='ltr'><strong>civitate,</strong></span> <span class='ocrx_word' id='word_1_86' title='bbox 624 1719 727 1783; x_wconf 77' lang='lat' dir='ltr'><strong>immo,</strong></span> <span class='ocrx_word' id='word_1_87' title='bbox 755 1720 779 1770; x_wconf 91' lang='lat' dir='ltr'><strong>si</strong></span> <span class='ocrx_word' id='word_1_88' title='bbox 805 1719 870 1770; x_wconf 89' lang='lat' dir='ltr'><strong>iieri</strong></span> <span class='ocrx_word' id='word_1_89' title='bbox 893 1719 1000 1788; x_wconf 85' lang='lat' dir='ltr'><strong>possit,</strong></span> <span class='ocrx_word' id='word_1_90' title='bbox 1031 1718 1107 1772; x_wconf 84' lang='lat' dir='ltr'><strong>infra</strong></span> <span class='ocrx_word' id='word_1_91' title='bbox 1129 1725 1261 1772; x_wconf 80' lang='lat' dir='ltr'><strong>mortuos</strong></span> 
     </span>
     <span class='ocr_line' id='line_1_16' title="bbox 180 1787 1325 1855; baseline -0.003 -13"><span class='ocrx_word' id='word_1_92' title='bbox 180 1789 398 1852; x_wconf 61' lang='lat' dir='ltr'><strong>&#39;amandandum</strong></span> <span class='ocrx_word' id='word_1_93' title='bbox 415 1801 433 1838; x_wconf 87' lang='lat' dir='ltr'><strong>a</strong></span> <span class='ocrx_word' id='word_1_94' title='bbox 450 1788 554 1855; x_wconf 89' lang='lat' dir='ltr'><strong>quibus</strong></span> <span class='ocrx_word' id='word_1_95' title='bbox 571 1787 609 1838; x_wconf 88' lang='lat' dir='ltr'><strong>de</strong></span> <span class='ocrx_word' id='word_1_96' title='bbox 623 1789 746 1840; x_wconf 78' lang='lat' dir='ltr'><strong>veritate</strong></span> <span class='ocrx_word' id='word_1_97' title='bbox 765 1788 947 1851; x_wconf 78' lang='lat' dir='ltr'><strong>dissentient,</strong></span> <span class='ocrx_word' id='word_1_98' title='bbox 967 1803 1072 1840; x_wconf 86' lang='lat' dir='ltr'><strong>omnes.</strong></span> <span class='ocrx_word' id='word_1_99' title='bbox 1108 1789 1252 1851; x_wconf 76' lang='lat' dir='ltr'><strong>Quomodo</strong></span> <span class='ocrx_word' id='word_1_100' title='bbox 1324 1805 1325 1820; x_wconf 54' lang='grc' dir='ltr'>ι</span> 
     </span>
     <span class='ocr_line' id='line_1_17' title="bbox 189 1854 1248 1924; baseline -0.004 -14"><span class='ocrx_word' id='word_1_101' title='bbox 189 1861 267 1910; x_wconf 86' lang='lat' dir='ltr'><strong>enim</strong></span> <span class='ocrx_word' id='word_1_102' title='bbox 283 1873 340 1908; x_wconf 86' lang='lat' dir='ltr'><strong>uon</strong></span> <span class='ocrx_word' id='word_1_103' title='bbox 358 1854 573 1908; x_wconf 72' lang='lat' dir='ltr'><strong>defenderemus</strong></span> <span class='ocrx_word' id='word_1_104' title='bbox 590 1870 705 1908; x_wconf 86' lang='lat' dir='ltr'><strong>aureum</strong></span> <span class='ocrx_word' id='word_1_105' title='bbox 724 1855 883 1924; x_wconf 86' lang='lat' dir='ltr'><strong>cogitandi,</strong></span> <span class='ocrx_word' id='word_1_106' title='bbox 894 1855 1248 1924; x_wconf 84' lang='lat' dir='ltr'><strong>dicendiqoelibertatem,</strong></span> 
     </span>
    </p>
   </div>
   <div class='ocr_carea' id='block_1_7' title="bbox 51 1922 1252 2006">
    <p class='ocr_par' dir='ltr' id='par_1_7' title="bbox 51 1922 1252 2006">
     <span class='ocr_line' id='line_1_18' title="bbox 51 1922 1252 2006; baseline -0.005 -26"><span class='ocrx_word' id='word_1_107' title='bbox 51 1949 54 1956; x_wconf 66' lang='lat'><strong><em>¹</em></strong></span> <span class='ocrx_word' id='word_1_108' title='bbox 133 1965 136 1981; x_wconf 44' lang='grc' dir='ltr'>ι</span> <span class='ocrx_word' id='word_1_109' title='bbox 187 1941 273 1995; x_wconf 85' lang='lat' dir='ltr'><strong>quarn</strong></span> <span class='ocrx_word' id='word_1_110' title='bbox 291 1925 469 1984; x_wconf 71' lang='lat' dir='ltr'><strong>Deusuobis</strong></span> <span class='ocrx_word' id='word_1_111' title='bbox 486 1923 625 1994; x_wconf 84' lang='lat' dir='ltr'><strong>largitur,</strong></span> <span class='ocrx_word' id='word_1_112' title='bbox 644 1939 700 1992; x_wconf 88' lang='lat' dir='ltr'><strong>qua</strong></span> <span class='ocrx_word' id='word_1_113' title='bbox 716 1922 787 1974; x_wconf 90' lang='lat' dir='ltr'><strong>nihil</strong></span> <span class='ocrx_word' id='word_1_114' title='bbox 802 1925 925 2006; x_wconf 61' lang='lat' dir='ltr'><strong>ingenuo</strong></span> <span class='ocrx_word' id='word_1_115' title='bbox 943 1922 1065 1976; x_wconf 89' lang='lat' dir='ltr'><strong>hominis</strong></span> <span class='ocrx_word' id='word_1_116' title='bbox 1083 1925 1174 1980; x_wconf 85' lang='lat' dir='ltr'><strong>animo</strong></span> <span class='ocrx_word' id='word_1_117' title='bbox 1189 1923 1252 1974; x_wconf 90' lang='lat' dir='ltr'><strong>dui-</strong></span> 
     </span>
    </p>
   </div>
   <div class='ocr_carea' id='block_1_8' title="bbox 170 1991 1263 2606">
    <p class='ocr_par' dir='ltr' id='par_1_8' title="bbox 170 1991 1263 2606">
     <span class='ocr_line' id='line_1_19' title="bbox 188 1991 1258 2061; baseline -0.005 -14"><span class='ocrx_word' id='word_1_118' title='bbox 188 1997 264 2059; x_wconf 88' lang='lat' dir='ltr'><strong>cius,</strong></span> <span class='ocrx_word' id='word_1_119' title='bbox 291 2005 430 2061; x_wconf 86' lang='lat' dir='ltr'><strong>quamque</strong></span> <span class='ocrx_word' id='word_1_120' title='bbox 453 1992 540 2043; x_wconf 89' lang='lat' dir='ltr'><strong>toties</strong></span> <span class='ocrx_word' id='word_1_121' title='bbox 563 1991 639 2044; x_wconf 89' lang='lat' dir='ltr'><strong>omni</strong></span> <span class='ocrx_word' id='word_1_122' title='bbox 662 1992 756 2044; x_wconf 87' lang='lat' dir='ltr'><strong>studio</strong></span> <span class='ocrx_word' id='word_1_123' title='bbox 776 2001 960 2060; x_wconf 53' lang='lat' dir='ltr'><strong>exstinguere</strong></span> <span class='ocrx_word' id='word_1_124' title='bbox 976 1991 1101 2045; x_wconf 83' lang='lat' dir='ltr'><strong>voluisse</strong></span> <span class='ocrx_word' id='word_1_125' title='bbox 1120 1991 1258 2059; x_wconf 82' lang='lat' dir='ltr'><strong>quosdam</strong></span> 
     </span>
     <span class='ocr_line' id='line_1_20' title="bbox 187 2058 1260 2128; baseline -0.004 -12"><span class='ocrx_word' id='word_1_126' title='bbox 187 2061 330 2116; x_wconf 70' lang='lat' dir='ltr'><strong>uidimusi</strong></span> <span class='ocrx_word' id='word_1_127' title='bbox 355 2061 426 2126; x_wconf 73' lang='lat' dir='ltr'><strong>Quis</strong></span> <span class='ocrx_word' id='word_1_128' title='bbox 438 2075 498 2117; x_wconf 83' lang='lat' dir='ltr'><strong>non</strong></span> <span class='ocrx_word' id='word_1_129' title='bbox 507 2058 607 2112; x_wconf 80' lang='lat' dir='ltr'><strong>horum</strong></span> <span class='ocrx_word' id='word_1_130' title='bbox 620 2060 768 2114; x_wconf 77' lang='lat' dir='ltr'><strong>conatibus</strong></span> <span class='ocrx_word' id='word_1_131' title='bbox 781 2061 895 2112; x_wconf 78' lang='lat' dir='ltr'><strong>obviarn</strong></span> <span class='ocrx_word' id='word_1_132' title='bbox 908 2058 983 2112; x_wconf 79' lang='lat' dir='ltr'><strong>eati·</strong></span> <span class='ocrx_word' id='word_1_133' title='bbox 1001 2063 1130 2128; x_wconf 84' lang='lat' dir='ltr'><strong>quisnon</strong></span> <span class='ocrx_word' id='word_1_134' title='bbox 1142 2059 1260 2114; x_wconf 86' lang='lat' dir='ltr'><strong>bomani</strong></span> 
     </span>
     <span class='ocr_line' id='line_1_21' title="bbox 210 2127 1256 2198; baseline -0.002 -16"><span class='ocrx_word' id='word_1_135' title='bbox 210 2130 301 2182; x_wconf 85' lang='lat' dir='ltr'><strong>eneris</strong></span> <span class='ocrx_word' id='word_1_136' title='bbox 320 2131 387 2198; x_wconf 83' lang='lat' dir='ltr'><strong>jura</strong></span> <span class='ocrx_word' id='word_1_137' title='bbox 409 2128 539 2180; x_wconf 77' lang='lat' dir='ltr'><strong>tueaturi</strong></span> <span class='ocrx_word' id='word_1_138' title='bbox 568 2134 618 2180; x_wconf 85' lang='lat' dir='ltr'><strong>aut</strong></span> <span class='ocrx_word' id='word_1_139' title='bbox 641 2129 737 2196; x_wconf 89' lang='lat' dir='ltr'><strong>potios</strong></span> <span class='ocrx_word' id='word_1_140' title='bbox 761 2129 827 2196; x_wconf 86' lang='lat' dir='ltr'><strong>quis</strong></span> <span class='ocrx_word' id='word_1_141' title='bbox 847 2144 903 2181; x_wconf 89' lang='lat' dir='ltr'><strong>non</strong></span> <span class='ocrx_word' id='word_1_142' title='bbox 920 2129 1051 2180; x_wconf 89' lang='lat' dir='ltr'><strong>omnihus</strong></span> <span class='ocrx_word' id='word_1_143' title='bbox 1069 2129 1206 2196; x_wconf 81' lang='lat' dir='ltr'><strong>precibus</strong></span> <span class='ocrx_word' id='word_1_144' title='bbox 1225 2127 1256 2180; x_wconf 85' lang='lat' dir='ltr'><strong>ab</strong></span> 
     </span>
     <span class='ocr_line' id='line_1_22' title="bbox 170 2195 1260 2267; baseline -0.003 -16"><span class='ocrx_word' id='word_1_145' title='bbox 170 2201 247 2258; x_wconf 71' lang='lat' dir='ltr'><strong>,illis</strong></span> <span class='ocrx_word' id='word_1_146' title='bbox 271 2203 367 2267; x_wconf 82' lang='lat' dir='ltr'><strong>petet,</strong></span> <span class='ocrx_word' id='word_1_147' title='bbox 390 2196 639 2259; x_wconf 44' lang='lat' dir='ltr'><strong>uttreoordentur,</strong></span> <span class='ocrx_word' id='word_1_148' title='bbox 665 2195 735 2248; x_wconf 87' lang='lat' dir='ltr'><strong>nihil</strong></span> <span class='ocrx_word' id='word_1_149' title='bbox 757 2197 889 2248; x_wconf 81' lang='lat' dir='ltr'><strong>veritatis</strong></span> <span class='ocrx_word' id='word_1_150' title='bbox 912 2195 1090 2250; x_wconf 77' lang='lat' dir='ltr'><strong>Christianae</strong></span> <span class='ocrx_word' id='word_1_151' title='bbox 1110 2196 1260 2250; x_wconf 85' lang='lat' dir='ltr'><strong>doctorem</strong></span> 
     </span>
     <span class='ocr_line' id='line_1_23' title="bbox 188 2263 1259 2337; baseline -0.004 -17"><span class='ocrx_word' id='word_1_152' title='bbox 188 2268 253 2321; x_wconf 86' lang='lat' dir='ltr'><strong>miti</strong></span> <span class='ocrx_word' id='word_1_153' title='bbox 271 2273 300 2318; x_wconf 89' lang='lat' dir='ltr'><strong>et</strong></span> <span class='ocrx_word' id='word_1_154' title='bbox 317 2264 429 2337; x_wconf 85' lang='lat' dir='ltr'><strong>placido</strong></span> <span class='ocrx_word' id='word_1_155' title='bbox 447 2264 561 2334; x_wconf 86' lang='lat' dir='ltr'><strong>ingenio</strong></span> <span class='ocrx_word' id='word_1_156' title='bbox 579 2265 670 2337; x_wconf 78' lang='lat' dir='ltr'><strong>magis</strong></span> <span class='ocrx_word' id='word_1_157' title='bbox 689 2266 804 2330; x_wconf 82' lang='lat' dir='ltr'><strong>decere,</strong></span> <span class='ocrx_word' id='word_1_158' title='bbox 823 2279 874 2317; x_wconf 88' lang='lat' dir='ltr'><strong>neo</strong></span> <span class='ocrx_word' id='word_1_159' title='bbox 892 2263 976 2317; x_wconf 87' lang='lat' dir='ltr'><strong>laude</strong></span> <span class='ocrx_word' id='word_1_160' title='bbox 993 2265 1152 2317; x_wconf 82' lang='lat' dir='ltr'><strong>modestiae</strong></span> <span class='ocrx_word' id='word_1_161' title='bbox 1172 2273 1259 2333; x_wconf 74' lang='lat' dir='ltr'><strong>utque</strong></span> 
     </span>
     <span class='ocr_line' id='line_1_24' title="bbox 188 2333 1261 2452; baseline -0.004 -62"><span class='ocrx_word' id='word_1_162' title='bbox 188 2335 374 2390; x_wconf 83' lang='lat' dir='ltr'><strong>humanitatis</strong></span> <span class='ocrx_word' id='word_1_163' title='bbox 382 2333 487 2452; x_wconf 32' lang='lat' dir='ltr'><strong>pullam·</strong></span> <span class='ocrx_word' id='word_1_164' title='bbox 506 2333 593 2410; x_wconf 81' lang='lat' dir='ltr'><strong>aliam</strong></span> <span class='ocrx_word' id='word_1_165' title='bbox 617 2333 795 2404; x_wconf 86' lang='lat' dir='ltr'><strong>praeclarius</strong></span> <span class='ocrx_word' id='word_1_166' title='bbox 812 2333 970 2386; x_wconf 79' lang='lat' dir='ltr'><strong>sacerdotis</strong></span> <span class='ocrx_word' id='word_1_167' title='bbox 988 2348 1091 2386; x_wconf 88' lang='lat' dir='ltr'><strong>nomen</strong></span> <span class='ocrx_word' id='word_1_168' title='bbox 1108 2340 1143 2385; x_wconf 90' lang='lat' dir='ltr'><strong>et</strong></span> <span class='ocrx_word' id='word_1_169' title='bbox 1159 2349 1261 2402; x_wconf 88' lang='lat' dir='ltr'><strong>perso-</strong></span> 
     </span>
     <span class='ocr_line' id='line_1_25' title="bbox 189 2413 1180 2456; baseline -0.005 0"><span class='ocrx_word' id='word_1_170' title='bbox 189 2419 255 2456; x_wconf 76' lang='lat' dir='ltr'><strong>nam</strong></span> <span class='ocrx_word' id='word_1_171' title='bbox 271 2413 377 2456; x_wconf 84' lang='lat' dir='ltr'><strong>ornere</strong></span> <span class='ocrx_word' id='word_1_172' title='bbox 1178 2437 1180 2444; x_wconf 86' lang='lat'><em>.</em></span> 
     </span>
     <span class='ocr_line' id='line_1_26' title="bbox 256 2455 1263 2540; baseline -0.003 -16"><span class='ocrx_word' id='word_1_173' title='bbox 256 2471 323 2540; x_wconf 84' lang='lat' dir='ltr'><strong>Fuit</strong></span> <span class='ocrx_word' id='word_1_174' title='bbox 353 2467 483 2538; x_wconf 80' lang='lat' dir='ltr'><strong>proiecto</strong></span> <span class='ocrx_word' id='word_1_175' title='bbox 503 2468 573 2521; x_wconf 86' lang='lat' dir='ltr'><strong>inde</strong></span> <span class='ocrx_word' id='word_1_176' title='bbox 601 2485 620 2522; x_wconf 86' lang='lat' dir='ltr'><strong>n</strong></span> <span class='ocrx_word' id='word_1_177' title='bbox 643 2469 820 2522; x_wconf 84' lang='lat' dir='ltr'><strong>Constantini</strong></span> <span class='ocrx_word' id='word_1_178' title='bbox 847 2455 1025 2538; x_wconf 77' lang='lat' dir='ltr'><strong>temporibus</strong></span> <span class='ocrx_word' id='word_1_179' title='bbox 1050 2467 1263 2522; x_wconf 72' lang='lat' dir='ltr'><strong>infelicissimis</strong></span> 
     </span>
     <span class='ocr_line' id='line_1_27' title="bbox 189 2535 1263 2606; baseline -0.006 -11"><span class='ocrx_word' id='word_1_180' title='bbox 189 2535 315 2596; x_wconf 83' lang='lat' dir='ltr'><strong>dissidiis</strong></span> <span class='ocrx_word' id='word_1_181' title='bbox 346 2549 458 2606; x_wconf 89' lang='lat' dir='ltr'><strong>semper</strong></span> <span class='ocrx_word' id='word_1_182' title='bbox 488 2536 605 2590; x_wconf 83' lang='lat' dir='ltr'><strong>adflicta</strong></span> <span class='ocrx_word' id='word_1_183' title='bbox 628 2544 659 2589; x_wconf 92' lang='lat' dir='ltr'><strong>et</strong></span> <span class='ocrx_word' id='word_1_184' title='bbox 681 2539 798 2604; x_wconf 83' lang='lat' dir='ltr'><strong>turbotq</strong></span> <span class='ocrx_word' id='word_1_185' title='bbox 822 2539 927 2590; x_wconf 71' lang='lat' dir='ltr'><strong>urbere</strong></span> <span class='ocrx_word' id='word_1_186' title='bbox 949 2553 995 2590; x_wconf 88' lang='lat' dir='ltr'><strong>res</strong></span> <span class='ocrx_word' id='word_1_187' title='bbox 1018 2536 1263 2602; x_wconf 86' lang='lat' dir='ltr'><strong>Christianorum,</strong></span> 
     </span>
    </p>
   </div>
   <div class='ocr_carea' id='block_1_9' title="bbox 36 2605 1265 2678">
    <p class='ocr_par' dir='ltr' id='par_1_9' title="bbox 36 2605 1265 2678">
     <span class='ocr_line' id='line_1_28' title="bbox 36 2605 1265 2678; baseline -0.016 -8"><span class='ocrx_word' id='word_1_188' title='bbox 36 2628 39 2641; x_wconf 67' lang='grc'><em>’</em></span> <span class='ocrx_word' id='word_1_189' title='bbox 114 2661 117 2667; x_wconf 23' lang='grc' dir='ltr'>ι</span> <span class='ocrx_word' id='word_1_190' title='bbox 186 2623 278 2678; x_wconf 84' lang='lat' dir='ltr'><strong>neque</strong></span> <span class='ocrx_word' id='word_1_191' title='bbox 301 2609 332 2658; x_wconf 89' lang='lat' dir='ltr'><strong>in</strong></span> <span class='ocrx_word' id='word_1_192' title='bbox 348 2605 408 2660; x_wconf 80' lang='lat' dir='ltr'><strong>ulle</strong></span> <span class='ocrx_word' id='word_1_193' title='bbox 424 2605 482 2657; x_wconf 84' lang='lat' dir='ltr'><strong>alia</strong></span> <span class='ocrx_word' id='word_1_194' title='bbox 499 2607 616 2676; x_wconf 83' lang='lat' dir='ltr'><strong>regione</strong></span> <span class='ocrx_word' id='word_1_195' title='bbox 635 2611 679 2657; x_wconf 89' lang='lat' dir='ltr'><strong>tot</strong></span> <span class='ocrx_word' id='word_1_196' title='bbox 696 2607 773 2658; x_wconf 86' lang='lat' dir='ltr'><strong>helia</strong></span> <span class='ocrx_word' id='word_1_197' title='bbox 790 2607 887 2658; x_wconf 85' lang='lat' dir='ltr'><strong>civilia</strong></span> <span class='ocrx_word' id='word_1_198' title='bbox 904 2608 1152 2667; x_wconf 83' lang='lat' dir='ltr'><strong>arsisse-constat,</strong></span> <span class='ocrx_word' id='word_1_199' title='bbox 1183 2613 1265 2672; x_wconf 75' lang='lat' dir='ltr'><strong>quot</strong></span> 
     </span>
    </p>
   </div>
   <div class='ocr_carea' id='block_1_10' title="bbox 158 2673 1325 3840">
    <p class='ocr_par' dir='ltr' id='par_1_10' title="bbox 158 2673 1325 3840">
     <span class='ocr_line' id='line_1_29' title="bbox 188 2673 1266 2742; baseline -0.003 -11"><span class='ocrx_word' id='word_1_200' title='bbox 188 2679 225 2731; x_wconf 92' lang='lat' dir='ltr'><strong>ob</strong></span> <span class='ocrx_word' id='word_1_201' title='bbox 250 2675 454 2729; x_wconf 80' lang='lat' dir='ltr'><strong>sententiarum</strong></span> <span class='ocrx_word' id='word_1_202' title='bbox 477 2674 736 2726; x_wconf 83' lang='lat' dir='ltr'><strong>dissimilitudinem</strong></span> <span class='ocrx_word' id='word_1_203' title='bbox 759 2675 788 2725; x_wconf 92' lang='lat' dir='ltr'><strong>in</strong></span> <span class='ocrx_word' id='word_1_204' title='bbox 807 2673 1031 2726; x_wconf 80' lang='lat' dir='ltr'><strong>Christianorum</strong></span> <span class='ocrx_word' id='word_1_205' title='bbox 1052 2673 1142 2742; x_wconf 80' lang='lat' dir='ltr'><strong>regnis</strong></span> <span class='ocrx_word' id='word_1_206' title='bbox 1166 2681 1266 2741; x_wconf 83' lang='lat' dir='ltr'><strong>gesta</strong></span> 
     </span>
     <span class='ocr_line' id='line_1_30' title="bbox 158 2740 1266 2809; baseline -0.005 -10"><span class='ocrx_word' id='word_1_207' title='bbox 158 2795 162 2806; x_wconf 89' lang='grc'><strong>,</strong></span> <span class='ocrx_word' id='word_1_208' title='bbox 187 2751 254 2800; x_wconf 88' lang='lat' dir='ltr'><strong>sunt</strong></span> <span class='ocrx_word' id='word_1_209' title='bbox 267 2747 300 2807; x_wconf 83' lang='lat'><strong>*).</strong></span> <span class='ocrx_word' id='word_1_210' title='bbox 336 2742 392 2796; x_wconf 88' lang='lat' dir='ltr'><strong>Sed</strong></span> <span class='ocrx_word' id='word_1_211' title='bbox 410 2741 568 2794; x_wconf 75' lang='lat' dir='ltr'><strong>exstinctus</strong></span> <span class='ocrx_word' id='word_1_212' title='bbox 586 2757 675 2809; x_wconf 90' lang='lat' dir='ltr'><strong>nuper</strong></span> <span class='ocrx_word' id='word_1_213' title='bbox 693 2743 856 2806; x_wconf 87' lang='lat' dir='ltr'><strong>videbatur,</strong></span> <span class='ocrx_word' id='word_1_214' title='bbox 875 2743 904 2793; x_wconf 92' lang='lat' dir='ltr'><strong>in</strong></span> <span class='ocrx_word' id='word_1_215' title='bbox 922 2741 1072 2794; x_wconf 80' lang='lat' dir='ltr'><strong>Germania</strong></span> <span class='ocrx_word' id='word_1_216' title='bbox 1088 2746 1180 2804; x_wconf 90' lang='lat' dir='ltr'><strong>certe,</strong></span> <span class='ocrx_word' id='word_1_217' title='bbox 1197 2740 1266 2794; x_wconf 84' lang='lat' dir='ltr'><strong>ille</strong></span> 
     </span>
     <span class='ocr_line' id='line_1_31' title="bbox 186 2809 1266 2879; baseline -0.005 -12"><span class='ocrx_word' id='word_1_218' title='bbox 186 2815 347 2868; x_wconf 88' lang='lat' dir='ltr'><strong>animorum</strong></span> <span class='ocrx_word' id='word_1_219' title='bbox 376 2809 478 2874; x_wconf 85' lang='lat' dir='ltr'><strong>ordor,</strong></span> <span class='ocrx_word' id='word_1_220' title='bbox 509 2816 681 2862; x_wconf 82' lang='lat' dir='ltr'><strong>tmstrssrmnr</strong></span> <span class='ocrx_word' id='word_1_221' title='bbox 710 2811 768 2862; x_wconf 89' lang='lat' dir='ltr'><strong>odii</strong></span> <span class='ocrx_word' id='word_1_222' title='bbox 798 2818 883 2879; x_wconf 88' lang='lat' dir='ltr'><strong>atque</strong></span> <span class='ocrx_word' id='word_1_223' title='bbox 911 2809 1087 2864; x_wconf 83' lang='lat' dir='ltr'><strong>crudelitatis</strong></span> <span class='ocrx_word' id='word_1_224' title='bbox 1109 2809 1266 2877; x_wconf 83' lang='lat' dir='ltr'><strong>exemplis</strong></span> 
     </span>
     <span class='ocr_line' id='line_1_32' title="bbox 185 2875 1265 2960; baseline -0.004 -25"><span class='ocrx_word' id='word_1_225' title='bbox 185 2879 343 2944; x_wconf 85' lang='lat' dir='ltr'><strong>torribilis,</strong></span> <span class='ocrx_word' id='word_1_226' title='bbox 375 2893 438 2930; x_wconf 88' lang='lat' dir='ltr'><strong>eum</strong></span> <span class='ocrx_word' id='word_1_227' title='bbox 460 2879 554 2960; x_wconf 87' lang='lat' dir='ltr'><strong>princi</strong></span> <span class='ocrx_word' id='word_1_228' title='bbox 574 2893 621 2929; x_wconf 89' lang='lat' dir='ltr'><strong>um</strong></span> <span class='ocrx_word' id='word_1_229' title='bbox 646 2893 676 2929; x_wconf 86' lang='lat' dir='ltr'><strong>sa</strong></span> <span class='ocrx_word' id='word_1_230' title='bbox 696 2879 799 2942; x_wconf 87' lang='lat' dir='ltr'><strong>ientia,</strong></span> <span class='ocrx_word' id='word_1_231' title='bbox 828 2895 947 2947; x_wconf 87' lang='lat' dir='ltr'><strong>quorum</strong></span> <span class='ocrx_word' id='word_1_232' title='bbox 970 2881 1054 2932; x_wconf 79' lang='lat' dir='ltr'><strong>aures</strong></span> <span class='ocrx_word' id='word_1_233' title='bbox 1074 2875 1199 2946; x_wconf 82' lang='lat' dir='ltr'><strong>querelis</strong></span> <span class='ocrx_word' id='word_1_234' title='bbox 1215 2879 1265 2931; x_wconf 84' lang='lat' dir='ltr'><strong>&#39;et</strong></span> 
     </span>
     <span class='ocr_line' id='line_1_33' title="bbox 185 2893 1265 3030; baseline -0.003 -27"><span class='ocrx_word' id='word_1_235' title='bbox 185 2948 363 3004; x_wconf 79' lang='lat' dir='ltr'><strong>sermonibus</strong></span> <span class='ocrx_word' id='word_1_236' title='bbox 381 2947 527 2998; x_wconf 81' lang='lat' dir='ltr'><strong>seditiosis</strong></span> <span class='ocrx_word' id='word_1_237' title='bbox 564 2963 600 2998; x_wconf 91' lang='lat' dir='ltr'><strong>on</strong></span> <span class='ocrx_word' id='word_1_238' title='bbox 619 2893 739 3014; x_wconf 60' lang='lat' dir='ltr'><strong>amphias</strong></span> <span class='ocrx_word' id='word_1_239' title='bbox 757 2953 872 3015; x_wconf 89' lang='lat' dir='ltr'><strong>patent,</strong></span> <span class='ocrx_word' id='word_1_240' title='bbox 896 2954 974 3013; x_wconf 91' lang='lat' dir='ltr'><strong>tum,</strong></span> <span class='ocrx_word' id='word_1_241' title='bbox 1001 2963 1055 3030; x_wconf 82' lang='lat' dir='ltr'><strong>qua</strong></span> <span class='ocrx_word' id='word_1_242' title='bbox 1072 2947 1265 3015; x_wconf 84' lang='lat' dir='ltr'><strong>ignorantiae</strong></span> 
     </span>
     <span class='ocr_line' id='line_1_34' title="bbox 186 3014 1264 3086; baseline -0.002 -16"><span class='ocrx_word' id='word_1_243' title='bbox 186 3025 218 3073; x_wconf 77' lang='lat' dir='ltr'><strong>et</strong></span> <span class='ocrx_word' id='word_1_244' title='bbox 238 3016 447 3086; x_wconf 77' lang='lat' dir='ltr'><strong>superstitionis</strong></span> <span class='ocrx_word' id='word_1_245' title='bbox 471 3014 606 3068; x_wconf 86' lang='lat' dir='ltr'><strong>tenebrae</strong></span> <span class='ocrx_word' id='word_1_246' title='bbox 627 3015 763 3074; x_wconf 77' lang='lat' dir='ltr'><strong>facillime</strong></span> <span class='ocrx_word' id='word_1_247' title='bbox 782 3017 971 3083; x_wconf 85' lang='lat' dir='ltr'><strong>dissipantur,</strong></span> <span class='ocrx_word' id='word_1_248' title='bbox 997 3016 1160 3081; x_wconf 77' lang='lat' dir='ltr'><strong>litterarum</strong></span> <span class='ocrx_word' id='word_1_249' title='bbox 1180 3014 1264 3068; x_wconf 87' lang='lat' dir='ltr'><strong>luce.</strong></span> 
     </span>
     <span class='ocr_line' id='line_1_35' title="bbox 183 3082 1262 3154; baseline -0.005 -13"><span class='ocrx_word' id='word_1_250' title='bbox 183 3085 326 3142; x_wconf 84' lang='lat' dir='ltr'><strong>Pristinus</strong></span> <span class='ocrx_word' id='word_1_251' title='bbox 342 3082 513 3154; x_wconf 53' lang='lat' dir='ltr'><strong>iracundiae*</strong></span> <span class='ocrx_word' id='word_1_252' title='bbox 523 3090 618 3137; x_wconf 86' lang='lat' dir='ltr'><strong>uectus</strong></span> <span class='ocrx_word' id='word_1_253' title='bbox 637 3083 827 3148; x_wconf 74' lang='lat' dir='ltr'><strong>deferbuisse,</strong></span> <span class='ocrx_word' id='word_1_254' title='bbox 843 3087 958 3153; x_wconf 78' lang='lat' dir='ltr'><strong>jamque</strong></span> <span class='ocrx_word' id='word_1_255' title='bbox 974 3091 1053 3136; x_wconf 84' lang='lat' dir='ltr'><strong>oetas</strong></span> <span class='ocrx_word' id='word_1_256' title='bbox 1067 3084 1179 3147; x_wconf 89' lang='lat' dir='ltr'><strong>omnia,</strong></span> <span class='ocrx_word' id='word_1_257' title='bbox 1196 3085 1262 3153; x_wconf 80' lang='lat' dir='ltr'><strong>jaus</strong></span> 
     </span>
     <span class='ocr_line' id='line_1_36' title="bbox 184 3151 1261 3221; baseline -0.004 -13"><span class='ocrx_word' id='word_1_258' title='bbox 184 3157 243 3209; x_wconf 87' lang='lat' dir='ltr'><strong>ista</strong></span> <span class='ocrx_word' id='word_1_259' title='bbox 260 3155 321 3214; x_wconf 87' lang='lat' dir='ltr'><strong>dies</strong></span> <span class='ocrx_word' id='word_1_260' title='bbox 333 3153 480 3221; x_wconf 83' lang='lat' dir='ltr'><strong>mitigasse</strong></span> <span class='ocrx_word' id='word_1_261' title='bbox 492 3152 653 3204; x_wconf 78' lang='lat' dir='ltr'><strong>videbatur.</strong></span> <span class='ocrx_word' id='word_1_262' title='bbox 688 3152 780 3216; x_wconf 73' lang='lat' dir='ltr'><strong>Quidi</strong></span> <span class='ocrx_word' id='word_1_263' title='bbox 804 3153 880 3220; x_wconf 91' lang='lat' dir='ltr'><strong>quod</strong></span> <span class='ocrx_word' id='word_1_264' title='bbox 893 3167 948 3204; x_wconf 91' lang='lat' dir='ltr'><strong>non</strong></span> <span class='ocrx_word' id='word_1_265' title='bbox 960 3151 1059 3220; x_wconf 87' lang='lat' dir='ltr'><strong>procul</strong></span> <span class='ocrx_word' id='word_1_266' title='bbox 1072 3152 1177 3204; x_wconf 85' lang='lat' dir='ltr'><strong>abesse</strong></span> <span class='ocrx_word' id='word_1_267' title='bbox 1187 3152 1261 3204; x_wconf 84' lang='lat' dir='ltr'><strong>boni</strong></span> 
     </span>
     <span class='ocr_line' id='line_1_37' title="bbox 183 3219 1325 3288; baseline -0.004 -12"><span class='ocrx_word' id='word_1_268' title='bbox 183 3220 445 3276; x_wconf 80' lang='lat' dir='ltr'><strong>virilaetabuntur</strong></span> <span class='ocrx_word' id='word_1_269' title='bbox 465 3219 650 3288; x_wconf 85' lang='lat' dir='ltr'><strong>tranquillum</strong></span> <span class='ocrx_word' id='word_1_270' title='bbox 674 3219 746 3272; x_wconf 93' lang='lat' dir='ltr'><strong>illud</strong></span> <span class='ocrx_word' id='word_1_271' title='bbox 771 3235 804 3272; x_wconf 87' lang='lat' dir='ltr'><strong>ac</strong></span> <span class='ocrx_word' id='word_1_272' title='bbox 820 3221 935 3273; x_wconf 77' lang='lat' dir='ltr'><strong>beatum</strong></span> <span class='ocrx_word' id='word_1_273' title='bbox 954 3227 1083 3288; x_wconf 88' lang='lat' dir='ltr'><strong>tempus,</strong></span> <span class='ocrx_word' id='word_1_274' title='bbox 1115 3219 1197 3286; x_wconf 81' lang='lat' dir='ltr'><strong>quud</strong></span> <span class='ocrx_word' id='word_1_275' title='bbox 1217 3221 1260 3272; x_wconf 92' lang='lat' dir='ltr'><strong>di·</strong></span> <span class='ocrx_word' id='word_1_276' title='bbox 1324 3239 1325 3258; x_wconf 48' lang='grc' dir='ltr'>ι</span> 
     </span>
     <span class='ocr_line' id='line_1_38' title="bbox 184 3287 1254 3364; baseline -0.003 -21"><span class='ocrx_word' id='word_1_277' title='bbox 184 3296 307 3358; x_wconf 83' lang='lat' dir='ltr'><strong>stractus</strong></span> <span class='ocrx_word' id='word_1_278' title='bbox 325 3288 443 3341; x_wconf 89' lang='lat' dir='ltr'><strong>nimium</strong></span> <span class='ocrx_word' id='word_1_279' title='bbox 462 3288 512 3340; x_wconf 90' lang='lat' dir='ltr'><strong>diu</strong></span> <span class='ocrx_word' id='word_1_280' title='bbox 529 3287 638 3340; x_wconf 88' lang='lat' dir='ltr'><strong>animos</strong></span> <span class='ocrx_word' id='word_1_281' title='bbox 655 3289 850 3364; x_wconf 78' lang='lat' dir='ltr'><strong>inpristinam</strong></span> <span class='ocrx_word' id='word_1_282' title='bbox 869 3289 1050 3342; x_wconf 83' lang='lat' dir='ltr'><strong>concordiem</strong></span> <span class='ocrx_word' id='word_1_283' title='bbox 1065 3287 1254 3340; x_wconf 83' lang='lat' dir='ltr'><strong>reducturum</strong></span> 
     </span>
     <span class='ocr_line' id='line_1_39' title="bbox 185 3353 1252 3426; baseline -0.006 -12"><span class='ocrx_word' id='word_1_284' title='bbox 185 3372 248 3414; x_wconf 84' lang='lat' dir='ltr'><strong>esse</strong></span> <span class='ocrx_word' id='word_1_285' title='bbox 265 3357 426 3426; x_wconf 84' lang='lat' dir='ltr'><strong>sperabant.</strong></span> <span class='ocrx_word' id='word_1_286' title='bbox 462 3353 517 3408; x_wconf 88' lang='lat' dir='ltr'><strong>Sed</strong></span> <span class='ocrx_word' id='word_1_287' title='bbox 535 3357 684 3408; x_wconf 85' lang='lat' dir='ltr'><strong>extenuari</strong></span> <span class='ocrx_word' id='word_1_288' title='bbox 698 3371 776 3424; x_wconf 87' lang='lat' dir='ltr'><strong>spem</strong></span> <span class='ocrx_word' id='word_1_289' title='bbox 793 3364 920 3410; x_wconf 84' lang='lat' dir='ltr'><strong>nostrum</strong></span> <span class='ocrx_word' id='word_1_290' title='bbox 938 3364 968 3410; x_wconf 90' lang='lat' dir='ltr'><strong>et</strong></span> <span class='ocrx_word' id='word_1_291' title='bbox 981 3367 1070 3424; x_wconf 86' lang='lat' dir='ltr'><strong>prope</strong></span> <span class='ocrx_word' id='word_1_292' title='bbox 1082 3369 1252 3410; x_wconf 83' lang='lat' dir='ltr'><strong>evanescere</strong></span> 
     </span>
     <span class='ocr_line' id='line_1_40' title="bbox 183 3424 1258 3492; baseline -0.003 -13"><span class='ocrx_word' id='word_1_293' title='bbox 183 3427 323 3484; x_wconf 76' lang='lat' dir='ltr'><strong>ridemus.</strong></span> <span class='ocrx_word' id='word_1_294' title='bbox 358 3425 461 3477; x_wconf 85' lang='lat' dir='ltr'><strong>Nescio</strong></span> <span class='ocrx_word' id='word_1_295' title='bbox 489 3424 581 3488; x_wconf 89' lang='lat' dir='ltr'><strong>enirn,</strong></span> <span class='ocrx_word' id='word_1_296' title='bbox 612 3439 667 3491; x_wconf 91' lang='lat' dir='ltr'><strong>quo</strong></span> <span class='ocrx_word' id='word_1_297' title='bbox 691 3431 775 3491; x_wconf 80' lang='lat' dir='ltr'><strong>pacto</strong></span> <span class='ocrx_word' id='word_1_298' title='bbox 797 3425 898 3478; x_wconf 87' lang='lat' dir='ltr'><strong>inclusi</strong></span> <span class='ocrx_word' id='word_1_299' title='bbox 924 3425 1097 3492; x_wconf 80' lang='lat' dir='ltr'><strong>aliquamdiu</strong></span> <span class='ocrx_word' id='word_1_300' title='bbox 1120 3425 1152 3474; x_wconf 90' lang='lat' dir='ltr'><strong>iu</strong></span> <span class='ocrx_word' id='word_1_301' title='bbox 1175 3425 1258 3478; x_wconf 82' lang='lat' dir='ltr'><strong>venis</strong></span> 
     </span>
     <span class='ocr_line' id='line_1_41' title="bbox 183 3491 1261 3562; baseline -0.003 -15"><span class='ocrx_word' id='word_1_302' title='bbox 183 3511 218 3547; x_wconf 88' lang='lat' dir='ltr'><strong>ac</strong></span> <span class='ocrx_word' id='word_1_303' title='bbox 234 3492 392 3546; x_wconf 80' lang='lat' dir='ltr'><strong>visceribus</strong></span> <span class='ocrx_word' id='word_1_304' title='bbox 410 3492 480 3560; x_wconf 86' lang='lat' dir='ltr'><strong>reip.</strong></span> <span class='ocrx_word' id='word_1_305' title='bbox 501 3491 570 3544; x_wconf 87' lang='lat' dir='ltr'><strong>mali</strong></span> <span class='ocrx_word' id='word_1_306' title='bbox 586 3493 737 3545; x_wconf 80' lang='lat' dir='ltr'><strong>maturitas</strong></span> <span class='ocrx_word' id='word_1_307' title='bbox 751 3509 824 3546; x_wconf 88' lang='lat' dir='ltr'><strong>nunc</strong></span> <span class='ocrx_word' id='word_1_308' title='bbox 838 3493 914 3546; x_wconf 90' lang='lat' dir='ltr'><strong>omni</strong></span> <span class='ocrx_word' id='word_1_309' title='bbox 928 3494 956 3544; x_wconf 85' lang='lat' dir='ltr'><strong>vi</strong></span> <span class='ocrx_word' id='word_1_310' title='bbox 971 3503 1122 3560; x_wconf 89' lang='lat' dir='ltr'><strong>erumpere</strong></span> <span class='ocrx_word' id='word_1_311' title='bbox 1135 3494 1261 3562; x_wconf 84' lang='lat' dir='ltr'><strong>gestiat.</strong></span> 
     </span>
     <span class='ocr_line' id='line_1_42' title="bbox 184 3559 1258 3630; baseline -0.004 -15"><span class='ocrx_word' id='word_1_312' title='bbox 184 3561 359 3630; x_wconf 75' lang='lat' dir='ltr'><strong>Quocunque</strong></span> <span class='ocrx_word' id='word_1_313' title='bbox 380 3559 478 3612; x_wconf 87' lang='lat' dir='ltr'><strong>oculos</strong></span> <span class='ocrx_word' id='word_1_314' title='bbox 496 3559 684 3624; x_wconf 81' lang='lat' dir='ltr'><strong>circumiere,</strong></span> <span class='ocrx_word' id='word_1_315' title='bbox 711 3563 819 3626; x_wconf 88' lang='lat' dir='ltr'><strong>minas,</strong></span> <span class='ocrx_word' id='word_1_316' title='bbox 850 3560 1012 3624; x_wconf 75' lang='lat' dir='ltr'><strong>clamores,</strong></span> <span class='ocrx_word' id='word_1_317' title='bbox 1038 3562 1258 3612; x_wconf 75' lang='lat' dir='ltr'><strong>exsecrationes</strong></span> 
     </span>
     <span class='ocr_line' id='line_1_43' title="bbox 183 3627 1257 3696; baseline -0.005 -13"><span class='ocrx_word' id='word_1_318' title='bbox 183 3630 287 3694; x_wconf 77' lang='lat' dir='ltr'><strong>andin,</strong></span> <span class='ocrx_word' id='word_1_319' title='bbox 316 3631 370 3680; x_wconf 83' lang='lat' dir='ltr'><strong>nec&#39;</strong></span> <span class='ocrx_word' id='word_1_320' title='bbox 393 3641 498 3696; x_wconf 83' lang='lat' dir='ltr'><strong>peuces</strong></span> <span class='ocrx_word' id='word_1_321' title='bbox 521 3629 606 3680; x_wconf 91' lang='lat' dir='ltr'><strong>urbes</strong></span> <span class='ocrx_word' id='word_1_322' title='bbox 630 3634 660 3680; x_wconf 92' lang='lat' dir='ltr'><strong>et</strong></span> <span class='ocrx_word' id='word_1_323' title='bbox 683 3627 794 3682; x_wconf 81' lang='lat' dir='ltr'><strong>soboles</strong></span> <span class='ocrx_word' id='word_1_324' title='bbox 817 3629 942 3682; x_wconf 90' lang='lat' dir='ltr'><strong>tumultu</strong></span> <span class='ocrx_word' id='word_1_325' title='bbox 966 3627 1091 3682; x_wconf 82' lang='lat' dir='ltr'><strong>fremere</strong></span> <span class='ocrx_word' id='word_1_326' title='bbox 1108 3627 1257 3696; x_wconf 81' lang='lat' dir='ltr'><strong>intelligo.</strong></span> 
     </span>
     <span class='ocr_line' id='line_1_44' title="bbox 183 3695 1265 3768; baseline -0.002 -18"><span class='ocrx_word' id='word_1_327' title='bbox 183 3701 266 3750; x_wconf 70' lang='lat' dir='ltr'><strong>Gom</strong></span> <span class='ocrx_word' id='word_1_328' title='bbox 278 3696 347 3753; x_wconf 81' lang='lat' dir='ltr'><strong>oiim</strong></span> <span class='ocrx_word' id='word_1_329' title='bbox 361 3695 447 3749; x_wconf 80' lang='lat' dir='ltr'><strong>Nilus</strong></span> <span class='ocrx_word' id='word_1_330' title='bbox 469 3697 620 3748; x_wconf 82' lang='lat' dir='ltr'><strong>inundaret</strong></span> <span class='ocrx_word' id='word_1_331' title='bbox 638 3697 749 3752; x_wconf 87' lang='lat' dir='ltr'><strong>tardius</strong></span> <span class='ocrx_word' id='word_1_332' title='bbox 768 3713 867 3768; x_wconf 82' lang='lat' dir='ltr'><strong>agros,</strong></span> <span class='ocrx_word' id='word_1_333' title='bbox 885 3712 998 3750; x_wconf 81' lang='lat' dir='ltr'><strong>causum</strong></span> <span class='ocrx_word' id='word_1_334' title='bbox 1016 3697 1175 3766; x_wconf 76' lang='lat' dir='ltr'><strong>Aegyptii,</strong></span> <span class='ocrx_word' id='word_1_335' title='bbox 1207 3695 1265 3764; x_wconf 89' lang='lat' dir='ltr'><strong>qui</strong></span> 
     </span>
     <span class='ocr_line' id='line_1_45' title="bbox 181 3761 1266 3840; baseline -0.002 -19"><span class='ocrx_word' id='word_1_336' title='bbox 181 3767 226 3822; x_wconf 85' lang='lat' dir='ltr'><strong>rei</strong></span> <span class='ocrx_word' id='word_1_337' title='bbox 242 3761 447 3840; x_wconf 76' lang='lat' dir='ltr'><strong>frumentariae</strong></span> <span class='ocrx_word' id='word_1_338' title='bbox 464 3765 619 3830; x_wconf 83' lang='lat' dir='ltr'><strong>timebant,</strong></span> <span class='ocrx_word' id='word_1_339' title='bbox 645 3765 681 3818; x_wconf 81' lang='lat' dir='ltr'><strong>ab</strong></span> <span class='ocrx_word' id='word_1_340' title='bbox 700 3767 795 3819; x_wconf 89' lang='lat' dir='ltr'><strong>edicto</strong></span> <span class='ocrx_word' id='word_1_341' title='bbox 814 3764 969 3820; x_wconf 79' lang='lat' dir='ltr'><strong>Theodosii</strong></span> <span class='ocrx_word' id='word_1_342' title='bbox 985 3765 1172 3835; x_wconf 84' lang='lat' dir='ltr'><strong>repetebant,</strong></span> <span class='ocrx_word' id='word_1_343' title='bbox 1200 3779 1266 3836; x_wconf 86' lang='lat' dir='ltr'><strong>quo</strong></span> 
     </span>
    </p>
   </div>
   <div class='ocr_carea' id='block_1_11' title="bbox 159 3927 1274 4282">
    <p class='ocr_par' dir='ltr' id='par_1_11' title="bbox 159 3927 1274 4282">
     <span class='ocr_line' id='line_1_46' title="bbox 239 3927 1271 3992; baseline -0.001 -15"><span class='ocrx_word' id='word_1_344' title='bbox 239 3931 293 3978; x_wconf 74' lang='lat' dir='ltr'><strong>chr.</strong></span> <span class='ocrx_word' id='word_1_345' title='bbox 309 3933 354 3976; x_wconf 78' lang='lat' dir='ltr'><strong>Ad.</strong></span> <span class='ocrx_word' id='word_1_346' title='bbox 370 3929 473 3977; x_wconf 76' lang='lat' dir='ltr'><strong>Klotss&#39;e‘</strong></span> <span class='ocrx_word' id='word_1_347' title='bbox 485 3953 517 3983; x_wconf 40' lang='lat'><strong>·-,</strong></span> <span class='ocrx_word' id='word_1_348' title='bbox 530 3929 703 3988; x_wconf 55' lang='lat' dir='ltr'><strong>dijudicandis</strong></span> <span class='ocrx_word' id='word_1_349' title='bbox 714 3927 871 3992; x_wconf 70' lang='lat' dir='ltr'><strong>acerbitate]</strong></span> <span class='ocrx_word' id='word_1_350' title='bbox 901 3933 967 3979; x_wconf 79' lang='lat' dir='ltr'><strong>iisse</strong></span> <span class='ocrx_word' id='word_1_351' title='bbox 977 3936 1030 3992; x_wconf 82' lang='lat' dir='ltr'><strong>ipse</strong></span> <span class='ocrx_word' id='word_1_352' title='bbox 1041 3932 1168 3990; x_wconf 86' lang='lat' dir='ltr'><strong>prolusio,</strong></span> <span class='ocrx_word' id='word_1_353' title='bbox 1188 3948 1271 3992; x_wconf 65' lang='lat' dir='ltr'><strong>pree·</strong></span> 
     </span>
     <span class='ocr_line' id='line_1_47' title="bbox 179 3987 1272 4048; baseline 0.002 -12"><span class='ocrx_word' id='word_1_354' title='bbox 179 3990 279 4036; x_wconf 76' lang='lat' dir='ltr'><strong>fetioms</strong></span> <span class='ocrx_word' id='word_1_355' title='bbox 293 3987 472 4034; x_wconf 80' lang='lat' dir='ltr'><strong>ioenActorum</strong></span> <span class='ocrx_word' id='word_1_356' title='bbox 486 3988 660 4035; x_wconf 77' lang='lat' dir='ltr'><strong>litercrt&#39;orum</strong></span> <span class='ocrx_word' id='word_1_357' title='bbox 675 3990 792 4034; x_wconf 79' lang='lat' dir='ltr'><strong>eKlbtaio</strong></span> <span class='ocrx_word' id='word_1_358' title='bbox 809 3994 890 4036; x_wconf 87' lang='lat' dir='ltr'><strong>nostro</strong></span> <span class='ocrx_word' id='word_1_359' title='bbox 904 3991 1022 4047; x_wconf 80' lang='lat' dir='ltr'><strong>editorum</strong></span> <span class='ocrx_word' id='word_1_360' title='bbox 1037 3993 1108 4034; x_wconf 81' lang='lat' dir='ltr'><strong>tertio</strong></span> <span class='ocrx_word' id='word_1_361' title='bbox 1121 3989 1272 4048; x_wconf 84' lang='lat' dir='ltr'><strong>volumini,</strong></span> 
     </span>
     <span class='ocr_line' id='line_1_48' title="bbox 179 4043 1274 4104; baseline 0.005 -14"><span class='ocrx_word' id='word_1_362' title='bbox 179 4061 202 4090; x_wconf 77' lang='grc' dir='ltr'>ι.</span> <span class='ocrx_word' id='word_1_363' title='bbox 219 4051 281 4092; x_wconf 79' lang='lat' dir='ltr'><strong>rito.</strong></span> <span class='ocrx_word' id='word_1_364' title='bbox 304 4051 326 4090; x_wconf 81' lang='grc'><strong>8.</strong></span> <span class='ocrx_word' id='word_1_365' title='bbox 342 4043 479 4098; x_wconf 75' lang='lat' dir='ltr'><strong>divulgato,</strong></span> <span class='ocrx_word' id='word_1_366' title='bbox 500 4049 644 4102; x_wconf 81' lang='lat' dir='ltr'><strong>praemisse,</strong></span> <span class='ocrx_word' id='word_1_367' title='bbox 669 4060 697 4091; x_wconf 88' lang='lat' dir='ltr'><strong>eo</strong></span> <span class='ocrx_word' id='word_1_368' title='bbox 717 4049 817 4102; x_wconf 46' lang='lat' dir='ltr'><strong>dignior¹</strong></span> <span class='ocrx_word' id='word_1_369' title='bbox 832 4051 899 4093; x_wconf 85' lang='lat' dir='ltr'><strong>nohis</strong></span> <span class='ocrx_word' id='word_1_370' title='bbox 915 4049 968 4092; x_wconf 82' lang='lat' dir='ltr'><strong>vise</strong></span> <span class='ocrx_word' id='word_1_371' title='bbox 983 4055 1033 4100; x_wconf 88' lang='lat' dir='ltr'><strong>est,</strong></span> <span class='ocrx_word' id='word_1_372' title='bbox 1055 4060 1114 4104; x_wconf 79' lang='lat' dir='ltr'><strong>quse</strong></span> <span class='ocrx_word' id='word_1_373' title='bbox 1129 4045 1274 4096; x_wconf 78' lang='lat' dir='ltr'><strong>bominum</strong></span> 
     </span>
     <span class='ocr_line' id='line_1_49' title="bbox 159 4101 1272 4162; baseline 0.004 -14"><span class='ocrx_word' id='word_1_374' title='bbox 159 4157 161 4162; x_wconf 9' lang='grc' dir='ltr'><strong><em>Β</em></strong></span> <span class='ocrx_word' id='word_1_375' title='bbox 178 4102 342 4148; x_wconf 75' lang='lat' dir='ltr'><strong>liberaliorem</strong></span> <span class='ocrx_word' id='word_1_376' title='bbox 354 4101 446 4156; x_wconf 86' lang='lat' dir='ltr'><strong>judicio</strong></span> <span class='ocrx_word' id='word_1_377' title='bbox 459 4102 546 4146; x_wconf 86' lang='lat' dir='ltr'><strong>iterum</strong></span> <span class='ocrx_word' id='word_1_378' title='bbox 561 4105 749 4157; x_wconf 71' lang='lat' dir='ltr'><strong>commendetur,</strong></span> <span class='ocrx_word' id='word_1_379' title='bbox 765 4119 811 4161; x_wconf 88' lang='lat' dir='ltr'><strong>qne</strong></span> <span class='ocrx_word' id='word_1_380' title='bbox 824 4107 902 4150; x_wconf 83' lang='lat' dir='ltr'><strong>minor</strong></span> <span class='ocrx_word' id='word_1_381' title='bbox 913 4118 993 4152; x_wconf 84' lang='lat' dir='ltr'><strong>eorum</strong></span> <span class='ocrx_word' id='word_1_382' title='bbox 1005 4117 1116 4148; x_wconf 85' lang='lat' dir='ltr'><strong>numerus</strong></span> <span class='ocrx_word' id='word_1_383' title='bbox 1129 4111 1272 4161; x_wconf 73' lang='lat' dir='ltr'><strong>apperuit,</strong></span> 
     </span>
     <span class='ocr_line' id='line_1_50' title="bbox 178 4156 1274 4262; baseline 0.007 -60"><span class='ocrx_word' id='word_1_384' title='bbox 178 4161 220 4262; x_wconf 65' lang='lat' dir='ltr'><strong>qui</strong></span> <span class='ocrx_word' id='word_1_385' title='bbox 239 4173 271 4202; x_wconf 85' lang='lat' dir='ltr'><strong>ex</strong></span> <span class='ocrx_word' id='word_1_386' title='bbox 291 4157 459 4214; x_wconf 82' lang='lat' dir='ltr'><strong>limpidissimo</strong></span> <span class='ocrx_word' id='word_1_387' title='bbox 480 4156 593 4204; x_wconf 79' lang='lat' dir='ltr'><strong>Actorum</strong></span> <span class='ocrx_word' id='word_1_388' title='bbox 615 4160 714 4206; x_wconf 83' lang='lat' dir='ltr'><strong>illorum</strong></span> <span class='ocrx_word' id='word_1_389' title='bbox 734 4161 897 4206; x_wconf 73' lang='lat' dir='ltr'><strong>liberariorum</strong></span> <span class='ocrx_word' id='word_1_390' title='bbox 917 4163 983 4205; x_wconf 80' lang='lat' dir='ltr'><strong>iente</strong></span> <span class='ocrx_word' id='word_1_391' title='bbox 1006 4161 1135 4206; x_wconf 80' lang='lat' dir='ltr'><strong>hodienum</strong></span> <span class='ocrx_word' id='word_1_392' title='bbox 1158 4175 1274 4224; x_wconf 84' lang='lat' dir='ltr'><strong>quoque</strong></span> 
     </span>
     <span class='ocr_line' id='line_1_51' title="bbox 168 4215 1265 4282; baseline 0.002 -22"><span class='ocrx_word' id='word_1_393' title='bbox 168 4258 173 4265; x_wconf 78' lang='grc'>,</span> <span class='ocrx_word' id='word_1_394' title='bbox 195 4215 358 4260; x_wconf 77' lang='lat' dir='ltr'><strong>electetinnem</strong></span> <span class='ocrx_word' id='word_1_395' title='bbox 374 4215 429 4258; x_wconf 86' lang='lat' dir='ltr'><strong>item</strong></span> <span class='ocrx_word' id='word_1_396' title='bbox 444 4218 514 4274; x_wconf 82' lang='lat' dir='ltr'><strong>etque</strong></span> <span class='ocrx_word' id='word_1_397' title='bbox 528 4215 703 4264; x_wconf 70' lang='lat' dir='ltr'><strong>instinctionem</strong></span> <span class='ocrx_word' id='word_1_398' title='bbox 717 4223 799 4276; x_wconf 83' lang='lat' dir='ltr'><strong>petere</strong></span> <span class='ocrx_word' id='word_1_399' title='bbox 815 4231 862 4264; x_wconf 84' lang='lat' dir='ltr'><strong>nou</strong></span> <span class='ocrx_word' id='word_1_400' title='bbox 877 4218 1045 4282; x_wconf 73' lang='lat' dir='ltr'><strong>dedignentur.</strong></span> <span class='ocrx_word' id='word_1_401' title='bbox 1091 4229 1094 4235; x_wconf 88' lang='lat'>·</span> <span class='ocrx_word' id='word_1_402' title='bbox 1198 4221 1241 4266; x_wconf 79' lang='lat' dir='ltr'><strong>V.</strong></span> <span class='ocrx_word' id='word_1_403' title='bbox 1263 4255 1265 4262; x_wconf 94' lang='lat'><em>.</em></span> 
     </span>
    </p>
   </div>
   <div class='ocr_carea' id='block_1_12' title="bbox 232 4287 779 4368">
    <p class='ocr_par' dir='ltr' id='par_1_12' title="bbox 232 4287 779 4368">
     <span class='ocr_line' id='line_1_52' title="bbox 232 4287 779 4368; baseline 0.011 -34"><span class='ocrx_word' id='word_1_404' title='bbox 232 4287 256 4344; x_wconf 79' lang='lat'><strong>¹&gt;</strong></span> <span class='ocrx_word' id='word_1_405' title='bbox 272 4303 295 4336; x_wconf 79' lang='grc' dir='ltr'>ι.</span> <span class='ocrx_word' id='word_1_406' title='bbox 311 4288 406 4368; x_wconf 72' lang='lat' dir='ltr'><strong>hettres</strong></span> <span class='ocrx_word' id='word_1_407' title='bbox 417 4287 565 4362; x_wconf 55' lang='lat' dir='ltr'><strong>lfferrmmr,</strong></span> <span class='ocrx_word' id='word_1_408' title='bbox 581 4287 613 4334; x_wconf 85' lang='grc' dir='ltr'><strong>Τ.</strong></span> <span class='ocrx_word' id='word_1_409' title='bbox 626 4289 648 4337; x_wconf 85' lang='lat'><strong>1.</strong></span> <span class='ocrx_word' id='word_1_410' title='bbox 665 4290 731 4338; x_wconf 86' lang='lat' dir='ltr'><strong>lettr.</strong></span> <span class='ocrx_word' id='word_1_411' title='bbox 742 4295 779 4340; x_wconf 77' lang='lat'><strong>²².</strong></span> 
     </span>
    </p>
   </div>
   <div class='ocr_carea' id='block_1_13' title="bbox 0 0 1334 4916">
    <p class='ocr_par' dir='ltr' id='par_1_13' title="bbox 0 0 1334 4916">
     <span class='ocr_line' id='line_1_53' title="bbox 0 0 1334 4916; baseline 0 2"><span class='ocrx_word' id='word_1_412' title='bbox 0 0 1334 4916; x_wconf 95' lang='lat' dir='ltr'><strong> </strong></span> 
     </span>
    </p>
   </div>
  </div>
 </body>
</html>
