2736 4912
748 337 800 411 os

236 500 304 582 atie
318 513 430 588 niagno
451 447 558 569 luicre
576 503 623 566 tt
628 503 717 568 sine
724 501 790 563 alla
807 483 992 579 diffidentia
1011 501 1162 562 mamitus
1175 500 1330 585 perduct*

230 595 406 696 patuisset.
431 593 548 668 Aperte
568 589 714 648 fateamur
742 608 865 648 neeesse
885 595 949 690 m!
979 587 1140 648 hodienum
1159 599 1280 692 quoquc
1304 608 1330 647 a¹

153 745 155 750 ,
237 672 392 758 permultis
413 680 514 757 legum
535 675 705 752 doctoribus
726 675 889 752 iisdemque
908 674 984 730 viris
1005 674 1233 732 celeberrimis
1223 693 1260 732 ιιι
1283 693 1330 732 οι,

237 767 372 849 grauiter
400 763 534 838 peccari,
565 760 643 850 quod
669 779 686 820 a
712 762 815 833 primis
841 758 912 816 inde
939 775 1041 816 cursus
1061 759 1185 835 juridici
1212 761 1319 818 initiis

235 850 386 914 uberrima
413 853 607 948 apstemetum
629 863 748 904 sucrum
766 844 947 903 abundantia
973 844 1061 916 plane
1089 845 1330 946 inpraeparatos

236 936 368 993 dranum
388 933 502 989 animas
515 933 576 1007 ite
588 930 758 988 disturbant
788 939 818 986 et
842 930 986 1000 obruunt,
1018 935 1052 984 ut
1072 926 1134 986 hi
1126 931 1200 1006 ipsi,
1232 927 1319 986 haud

130 1067 133 1077 .
236 1017 379 1078 mediocri
400 1017 548 1095 synoptici
576 1025 749 1093 conspectus
777 1013 921 1072 beneficia
937 1028 1089 1090 perperam
1108 1011 1239 1090 privati,
1272 1016 1330 1070 la„

235 1105 373 1163 tissimus
386 1099 638 1179 jurisprudentiae
660 1109 779 1157 noemae
798 1115 915 1174 campos
935 1099 1060 1172 ancipiti
1083 1107 1198 1156 tanaim
1216 1099 1318 1178 gradu

206 1201 209 1216 ·
237 1189 461 1266 pererrent,‘·ct
481 1186 674 1242 nulismmisi
694 1187 888 1263 incongruam
906 1197 1023 1257 prorsus
1042 1201 1142 1241 eorum
1157 1186 1317 1263 acquirant

236 1274 384 1334 notitiam.
428 1270 542 1338 Quibus
563 1269 682 1347 quidem
701 1271 785 1326 vitiis
805 1287 843 1326 ne
864 1270 896 1326 in
917 1275 1066 1344 posterum
1085 1287 1199 1346 quoque
1221 1271 1316 1326 insti-

237 1356 341 1416 tuendi
358 1355 462 1413 modus
482 1356 616 1427 labaret,
639 1354 669 1410 id
691 1355 865 1430 praesertim
886 1355 1048 1431 cuicunque
1069 1352 1242 1412 docentium
1265 1373 1316 1410 eu-

172 1497 178 1500 .
236 1459 289 1502 rae
310 1441 448 1518 cordique
466 1459 532 1497 esse
552 1438 683 1511 debebit,
705 1447 740 1496 ut
758 1438 879 1495 multura
895 1439 1004 1514 potius,
1025 1447 1110 1513 quam
1127 1438 1223 1494 multa
1244 1457 1315 1512 por-

236 1530 318 1606 rigat
339 1525 540 1599 discentibus3
573 1526 679 1601 quippe
697 1542 819 1603 quorum
840 1525 953 1581 inculto
970 1524 1144 1603 pierumque¹
1159 1533 1191 1580 et
1213 1541 1315 1581 mrum

237 1610 493 1689 disquirendamru
511 1610 589 1666 male
608 1611 708 1682 capaci
732 1610 856 1687 ingenio
876 1609 970 1664 multo
996 1608 1081 1683 plura
1101 1616 1187 1664 ceute
1209 1609 1314 1666 instil-

236 1695 344 1767 landa,
375 1713 462 1773 quam
481 1694 590 1768 raptim
610 1693 794 1751 infundenda
815 1712 881 1760 esse
899 1692 1048 1750 ridentur.

171 1789 173 1792 '
284 1801 285 1805 ¹
322 1779 367 1837 Ad
389 1783 514 1837 aiterum
531 1797 603 1836 vere
622 1777 776 1836 methodus
792 1777 939 1854 J'nridicae
958 1776 1033 1833 bene
1050 1784 1239 1851 comparatae
1254 1797 1330 1852 mu,

236 1873 387 1937 mentum,
422 1866 455 1921 in
483 1863 624 1942 diligenti
650 1873 738 1941 etque
759 1873 865 1922 exucta
879 1863 1049 1920 uberiarum
1067 1861 1195 1920 fontium
1219 1864 1311 1924 inter-

231 1952 403 2026 pretatione
424 1949 571 2023 positum,
597 1950 762 2020 conuersi,
791 1967 826 2007 eo
846 1949 1020 2023 praesertim
1049 1945 1229 2006 docentibus
1252 1951 1312 2006 eni-

162 2025 166 2032 ’
236 2035 360 2094 tendum
378 2035 566 2106 arbitramur,
587 2043 624 2090 ut
640 2036 779 2091 consulto
797 2052 916 2092 casuum
934 2041 1190 2090 controversemur
1213 2034 1249 2090 in
1273 2033 1312 2090 bis

235 2119 369 2178 lontibus
389 2116 444 2177 vei
460 2117 573 2174 directe
593 2127 819 2192 memoratorum
840 2120 891 2176 rel
911 2116 1058 2176 indirecte
1077 2118 1242 2176 latentium
1264 2138 1310 2176 er-

130 2248 134 2256 ,
236 2206 385 2279 positione
400 2197 707 2286 genuinumtironum
715 2203 861 2280 judicium
875 2203 972 2280 magis
985 2203 1137 2280 magisque
1155 2213 1311 2262 exacuant.

236 2287 360 2346 Etenim
379 2287 558 2362 praecedens
578 2289 643 2345 istu'
663 2291 875 2392 principiorum
900 2289 1119 2366 generaliorem
1144 2289 1310 2345 enucleatis

236 2375 283 2431 nti
298 2375 483 2450 synopticam
499 2375 603 2448 potius'
613 2376 831 2450 perceptionem
840 2377 963 2449 juvare,
985 2389 1071 2448 quam
1084 2372 1223 2430 omnibns
1239 2373 1308 2451 dog-

184 2487 187 2492 ·
236 2466 349 2516 matum
367 2459 499 2532 apicibus
520 2477 586 2538 sese
611 2459 765 2531 implicare
792 2457 894 2515 debet.
925 2459 972 2514 ita
999 2457 1179 2534 subsequens
1204 2457 1307 2514 haecce

236 2531 374 2624 singulae
393 2547 532 2620 qu'usque
558 2529 699 2600 materiae
720 2545 915 2618 perscrutatio
937 2559 971 2598 eo
976 2545 1149 2620 praecipue
1165 2543 1303 2621 dirigetur

235 2640 360 2684 necesse
376 2636 438 2700 est,
459 2637 494 2685 ut
504 2645 543 2683 ex
553 2629 626 2702 ipsis
638 2630 729 2686 variis
741 2645 893 2686 causarum
904 2626 1009 2706 ligaris
1024 2629 1170 2706 genuinus
1180 2641 1301 2700 praxeos

232 2711 418 2788 juridicus
408 2731 441 2770 ru
471 2709 586 2768 theoria
611 2713 821 2792 restringenda
846 2711 968 2770 effectus
988 2713 1149 2790 prudenter
1168 2709 1311 2768 constitus

142 2803 144 2810 '
236 2797 340 2872 possit
384 2795 725 2873 Noiojamjemdiiiiteri
733 2817 823 2871 ‚me‚
838 2795 1050 2877 quodammodo
1063 2799 1180 2870 saitem,
1197 2799 1314 2878 giesse-

235 2889 334 2946 to'sum
362 2882 542 2958 quorundam
568 2887 669 2957 partes
694 2881 788 2940 hae
778 2903 811 2940 ιιι
839 2901 872 2939 re
897 2883 1060 2959 sequendas
1087 2893 1226 2960 putare,
1245 2899 1315 2959 quas

235 2963 815 3059 liugbiinnsePresbpteroeb
838 2965 1098 3025 111.Ssvinse0
1122 2969 1256 3041 citatus,
1288 2969 1316 3024 ic

237 3050 372 3110 Materia
404 3052 446 3109 ad
466 3041 640 3110 Pandectas
666 3061 727 3111 not.
744 3055 773 3110 4.
800 3051 856 3109 boc
882 3059 987 3110 tenore
1018 3054 1110 3113 nobis
1136 3051 1315 3126 descripsit:

237 3131 372 3196 Modus
357 3145 390 3192 tn
406 3134 547 3238 legendo,
570 3155 653 3214 quern
667 3137 828 3198 obseruare
842 3139 1065 3208 corruerimus,
1083 3135 1330 3216 quadripartito

230 3237 402 3302 progressa
415 3239 504 3298 quusi
500 3223 697 3302 quibasdam
713 3231 843 3300 quantor
856 3225 943 3282 metis
954 3229 984 3280 et
996 3223 1133 3296 terminis
1143 3221 1319 3300 distingui-

236 3313 314 3362 turr
335 3307 436 3384 primo
460 3325 586 3366 casnm
607 3307 790 3386 simpliciter
809 3316 838 3367 et
855 3308 932 3366 nude
954 3309 1149 3388 seponimus:
1182 3306 1330 3376 secunda,

235 3391 449 3450 contraria
471 3393 664 3468 assignamus
679 3401 713 3450 et
739 3392 959 3451 solutiones
989 3391 1183 3450 adhibemus:
1229 3395 1330 3452 tertiol

135 3490 137 3495 ·
216 3471 413 3552 'argumenta
431 3475 473 3534 ad
492 3481 603 3535 causas
615 3477 650 3534 de
658 3477 760 3550 facto
764 3487 954 3549 annotamus,
977 3496 1053 3556 puae
1068 3477 1130 3534 loci
1143 3480 1321 3554 generales,

153 3575 155 3580 ’
234 3560 284 3626 vel
293 3561 469 3646 generalia,
491 3563 541 3621 vel
553 3563 750 3640 vulgariter
741 3563 940 3620 discorda
957 3555 1168 3644 appellantur:
1188 3564 1237 3620 ad
1250 3566 1321 3622 ulti-

233 3660 313 3702 ιιιιιιιι
331 3647 581 3722 quaestiones
597 3665 714 3708 movere
730 3657 759 3707 et
772 3648 924 3705 discutere
940 3649 1164 3719 consuevimus,
1186 3649 1246 3706 uel
1262 3660 1320 3708 ata

234 3729 288 3786 tine
308 3731 341 3786 in
362 3729 505 3804 lectione,
526 3729 605 3790 cel''
591 3750 622 3790 sn
639 3734 775 3812 vesperis
786 3749 847 3811 pra
865 3751 914 3788 sue
910 3731 1122 3808 'difficaltate
1134 3731 1330 3811 prolixiori

234 3811 437 3892 disputationi
455 3835 615 3877 reserasse
635 3817 814 3894 dfferendo.
858 3814 941 3896 (Viti.
956 3815 1137 3877 Gesebicbte
1149 3816 1204 3873 dee
1222 3823 1324 3877 rami·

234 3898 324 3959 scden
346 3898 488 3959 Rechts'
475 3921 515 3959 ιιιι
530 3903 728 3972 Mittelalter,
756 3921 813 3959 ron
832 3901 866 3961 F.
888 3903 919 3961 C.
937 3921 966 3984 ιι.
975 3901 1146 3990 Surignp,
1174 3903 1254 3963 Stes·
1270 3905 1326 3966 Bd.

233 3982 421 4064 Heidelberg
444 3989 573 4045 182Η
576 4001 689 4067 .,pag.
712 3984 865 4067 diiiseq.)
1162 4012 1166 4019 ·
1329 3987 1330 4026 t

318 4071 515 4148 Quaecunque
546 4081 644 4130 autem
675 4071 886 4132 emendatior·
876 4090 1005 4147 ipsorum
1022 4073 1151 4129 fontium
1164 4072 1330 4146 juridico

231 4167 297 4212 ram
321 4159 512 4232 pertractatio
538 4175 628 4235 quum
654 4158 891 4216 antecessoribus
910 4159 1022 4215 nostris
1045 4167 1079 4214 eo
1106 4157 1215 4214 melius
1254 4176 1330 4236 pras

232 4255 352 4296 cessura
369 4241 427 4314 sit,
448 4259 505 4320 quc
521 4245 686 4302 nonanus
705 4241 835 4300 sardium
851 4239 943 4300 iidem
959 4244 993 4300 in
1010 4239 1158 4300 methodis
1169 4243 1330 4316 juridicis
