2658 4916
703 337 776 408 132

200 508 230 560 et
244 517 363 574 operum
379 499 549 562 excellentie
564 499 691 570 reliquos
706 499 792 572 longe
808 505 957 571 superant,
978 503 1153 554 rarotamen
1163 498 1273 554 artium

199 589 316 629 suarum
334 573 512 638 iurentores,
531 571 740 638 earundemque
757 565 933 624 incrementa
949 570 1054 636 sciunt,
1074 577 1103 622 ct
1119 578 1215 622 tamen
1234 570 1273 622 ab

196 641 331 706 omnibus
349 655 419 693 suae
438 640 508 691 artis
527 640 613 708 periti
636 636 795 692 censentur.
832 637 1041 706 Quidsstandem
1059 643 1118 701 est,
1143 635 1219 704 quod
1240 639 1273 689 in

192 708 254 768 hoo
268 710 343 778 juris
361 707 538 762 nobilissimo
557 705 679 760 artificio
699 705 769 759 banc
787 707 949 778 molestiam
963 706 1165 774 jureconsultis
1177 705 1274 772 impo-

199 777 294 832 natisi
318 782 365 842 ut,
383 775 409 828 si
427 775 518 827 velint
534 789 603 827 suae
619 775 690 828 artis
704 776 792 842 periti
806 774 922 839 haberi,
942 773 1063 826 debeant
1078 787 1175 837 nosse,
1187 773 1275 825 ‘undo

197 847 244 916 iere
266 843 355 898 inerit
378 841 561 898 nostrum‘.ad
579 858 631 896 noe
648 843 806 910 perlatum,
837 857 907 912 quas
925 857 1008 912 passa
1025 837 1113 894 inerit
1128 842 1275 911 iurispru-

191 915 299 970 dentia
316 911 570 976 commutationes,
588 911 637 978 qui
654 913 685 962 in
701 909 756 964 bao
772 917 835 964 arte
853 909 1048 982 cognoscenda
1064 909 1113 962 rel
1129 910 1276 963 uadenda

198 997 263 1038 oum
280 981 366 1034 laude
381 995 506 1048 uuquam
524 986 553 1032 et
570 979 690 1032 nominis
708 977 785 1032 ianua
802 977 909 1032 fuerint
925 977 1051 1031 versatil

267 1044 396 1114 Etenim,
412 1048 456 1100 uti
471 1047 556 1100 hodio
572 1047 654 1116 multi
668 1064 731 1100 eum
744 1045 828 1101 laude
844 1045 934 1100 artem
950 1047 1103 1114 pictoriam
1117 1054 1275 1114 exement3

199 1133 264 1172 cum
273 1118 380 1200 Apellis
393 1124 422 1170 et
433 1117 568 1174 zeuxidis
586 1117 700 1172 nomina
715 1115 850 1170 nefando
869 1117 982 1184 quidem
999 1116 1157 1180 audierint,
1176 1131 1274 1184 neque

198 1187 329 1252 Duram,
342 1185 493 1250 Crouncei,
512 1185 654 1249 Garaocii,
674 1184 818 1254 Corregii‚
838 1189 867 1236 ct
876 1183 998 1236 aliorum
1011 1180 1166 1237 illustrium
1178 1200 1275 1254 nuper

102 1295 103 1303 t
219 1255 340 1308 ictorum
358 1269 478 1308 manum.
488 1253 666 1322 intelligant:
682 1253 725 1304 ita
743 1252 889 1318 etxcredo,
903 1251 1128 1321 iureconsultum
1142 1253 1274 1320 aliquem

198 1271 320 1387 losum,
342 1323 438 1392 pium,
454 1321 567 1386 utilem,
591 1327 621 1373 et
636 1321 804 1390 prudentem
823 1335 995 1392 essoposse,
1020 1321 1074 1372 etsi
1088 1322 1198 1374 nesciat
1214 1321 1272 1374 Le·

189 1406 250 1460 ‘ges
267 1391 323 1444 ΧΗ
334 1389 507 1445 Tabularum
532 1405 548 1443 e
567 1389 704 1454 Graecia,
728 1387 831 1460 legatis
850 1404 884 1442 eo
902 1387 1023 1442 consilio
1039 1389 1152 1455 missis,
1177 1405 1197 1442 a
1214 1390 1272 1443 Ro-

199 1460 290 1512 manis
311 1458 432 1528 petitas,
456 1475 473 1510 a
494 1457 673 1515 Decemviris
696 1472 763 1509 roro
788 1459 961 1526 compositas
986 1466 1065 1508 esse:
1090 1459 1144 1511 etsi
1161 1452 1270 1514 ‘causas

122 1538 146 1567 ι’
201 1529 345 1580 dissensus
361 1528 437 1580 inter
451 1527 614 1580 Labeonem
633 1533 665 1577 et
677 1526 843 1594 Capitonem
860 1525 868 1576 i
891 1531 988 1590 noret,
1008 1531 1039 1576 et
1057 1523 1151 1594 legum
1165 1527 1271 1581 Roma.

199 1611 300 1648 aarum
313 1596 427 1648 uomina
439 1611 495 1646 non
506 1594 596 1662 possit
604 1596 740 1662 recitare,
759 1601 789 1647 at
810 1607 844 1646 ue
879 1595 982 1662 ipiani,
1000 1593 1171 1661 Modestini,
1190 1595 1270 1650 Mar·

200 1665 275 1718 eiam
284 1667 321 1727 ἢ,
333 1663 492 1731 Pomponii,
506 1661 637 1715 Trebatii
646 1669 675 1714 et
687 1609 841 1714 Scaevolae
851 1669 962 1734 aetates
972 1663 1143 1728 discernere,
1155 1669 1268 1718 eorum·

201 1733 360 1800 queritas,
378 1731 499 1798 scripta,
526 1737 555 1782 ct
572 1729 732 1800 fragmenta
749 1741 891 1783 enarrare.
927 1731 1000 1784 Nam
1016 1729 1070 1783 hoc
1090 1725 1206 1799 quidem
1224 1741 1267 1787 est

198 1798 395 1864 manifestum,
414 1816 432 1852 a
443 1799 616 1852 Tribuniano
631 1801 660 1850 in
675 1799 745 1870 ipsis
758 1797 1018 1870 jureconsultorum
1036 1797 1204 1868 fragmentis
1219 1809 1261 1854 tot

200 1883 263 1922 esse
280 1869 446 1929 immutata,
469 1868 655 1932 tutiorem,
675 1874 760 1934 atque
777 1869 925 1930 innovata,
944 1873 976 1918 ut
994 1868 1084 1936 magis
1103 1869 1202 1922 debeat
1218 1869 1255 1920 di·

199 1937 284 2002 uinus
294 1935 521 1990 illeTribnniani
536 1950 639 2000 nexus,
658 1951 741 2004 quarn
757 1935 946 2024 jureconsulti
957 1942 1050 1998 aetas,
1069 1935 1161 2000 liber,
1175 1944 1259 2002 secta,

200 2011 231 2057 ct
247 2001 362 2060 Philoso
383 2003 447 2056 hiae
471 2019 561 2074 genus
584 2004 717 2072 spectari.
734 2021 737 2044 ν
753 2005 783 2058 ai
807 2019 875 2057 vero
893 2003 1098 2072 anquirendum
1117 2007 1169 2067 sit,
1194 2019 1263 2073 quae

200 2087 237 2125 ex
251 2073 352 2126 intima
364 2021 500 2126 listoriae
515 2073 605 2141 juris,
623 2072 718 2140 legum
733 2080 762 2124 et
771 2071 1039 2141 jurisconsultorum
1053 2075 1216 2142 cognitione
1230 2073 1264 2128 ad

199 2141 292 2194 nostri
309 2149 367 2194 tem
388 2142 446 2194 oris
464 2140 606 2204 borsines,
629 2141 660 2192 ‘in
679 2142 740 2191 'ure
760 2140 894 2206 dicendo,
919 2140 964 2191 vel
981 2141 1089 2194 orando
1108 2143 1262 2208 versantes,

199 2207 311 2262 utilitas
328 2158 487 2266 redundare
501 2211 605 2278 possita
622 2209 670 2260 nui
684 2225 701 2260 a
714 2223 781 2260 sane
798 2209 868 2271 erit,
892 2209 946 2260 nisi
959 2206 1041 2272 hacc,
1061 2211 1136 2278 quod
1153 2218 1264 2281 tempus

198 2276 285 2330 rebus
303 2277 437 2346 ludicris,
460 2286 491 2340 et
509 2283 626 2360 propter
642 2284 812 2336 uetustatem
828 2283 857 2328 et
869 2275 1050 2330 insolentiam
1062 2278 1193 2331 ridiculis
1204 2296 1265 2349 per·

196 2345 278 2400 ‘dant
314 2347 405 2410 ouidi
431 2345 456 2398 si
473 2362 535 2414 quus
551 2347 646 2398 omnia
660 2345 731 2416 legis
742 2345 848 2414 Papiae
861 2345 1010 2412 Poppaeae
1025 2347 1120 2415 capita
1130 2355 1160 2400 et
1171 2350 1266 2401 omnia

131 2452 134 2460 ψ
200 2429 234 2471 ao
251 2415 363 2482 singula
380 2415 441 2484 ejus
460 2415 677 2477 rerbateueat,
697 2429 763 2466 num
781 2431 864 2465 unam
883 2414 1024 2466 actionem
1043 2415 1079 2466 de
1099 2432 1265 2486 quacunque

129 2527 130 2532 ,
199 2483 367 2602 quotidiana
383 2481 591 2548 utilissimaque
608 2496 640 2534 re
658 2489 763 2536 motam
780 2483 947 2545 instituere,
972 2489 1022 2534 aut
1039 2483 1120 2536 linire
1138 2485 1266 2552 poter-iti
1319 2511 1320 2518 κ

214 2551 322 2614 itero,
340 2550 389 2620 qni
408 2545 479 2602 hanc
495 2549 669 2602 imbiberunt
686 2551 861 2616 opinionem,
880 2557 912 2603 ut
928 2551 1060 2616 credaut,
1078 2553 1120 2604 ita
1129 2554 1266 2625 jurecon-

199 2617 307 2678 sultum
334 2625 468 2686 oportere
492 2617 521 2668 in
543 2611 667 2685 antiquis
687 2619 946 2686 jureconsultorum
975 2617 1154 2689 fragmentis,
1185 2635 1261 2691 qnae

199 2687 353 2739 lastiniani
366 2687 448 2755 jussu
463 2686 652 2738 'l'ribnnianus
672 2687 806 2750 corrasit,
832 2685 953 2750 versari,
973 2695 1005 2740 ut
1021 2689 1121 2756 possit,
1143 2687 1169 2738 si
1185 2703 1261 2756 opus

119 2793 121 2798 ,
200 2754 254 2819 tit,
280 2753 347 2823 ¹loco
366 2755 520 2822 depravato
539 2758 586 2816 (ex
605 2755 798 2820 scriptorisiu
820 2755 896 2820 onio,
923 2757 1060 2825 temporis
1076 2755 1199 2820 ratione,
1231 2763 1267 2810 et

39 2817 43 2826 '
199 2822 311 2886 verbis,
339 2836 413 2891 quae
428 2823 604 2889 supersunt‚)
628 2821 768 2894 medelam
785 2839 801 2874 a
825 2837 902 2886 erre,
925 2830 954 2875 et
973 2826 1023 2892 qui
1039 2831 1190 2892 propterea
1206 2823 1266 2879 Pa·

199 2888 563 2959 rephensio'l'lreopbili,
583 2889 759 2955 etGraenas,
778 2897 847 2958 quas
862 2890 996 2945 habemns
1014 2893 1147 2960 reliquias
1165 2891 1266 2962 legen.

201 2959 252 3012 das
263 2964 384 3026 putent,
402 2965 435 3010 ut
451 2959 498 3010 vei
515 2973 530 3008 o
548 2957 714 3026 paraphrasi
723 2959 933 3025 institutiones,
954 2961 1097 3014 eGraeois
1110 2976 1181 3013 vero
1192 2963 1267 3015 Con·

133 3021 140 3034 ‘
200 3026 412 3090 stitutionibus,
431 3026 552 3078 Latinae
570 3027 678 3095 possint
697 3027 834 3094 explicari
853 3033 882 3080 et
900 3031 1059 3082 emendari:
1077 3028 1105 3080 bi
1123 3045 1192 3081 sane
1209 3047 1268 3084 nou

199 3095 312 3158 rident,
331 3109 414 3162 qnam
433 3095 523 3154 ardua
540 3101 570 3146 et
587 3091 712 3150 difficilis
728 3096 767 3148 sit
784 3096 820 3148 ad
832 3096 904 3164 juris
926 3098 1084 3149 rudentium
1097 3096 1269 3153 hodiernam
1319 3139 1320 3153 n

199 3163 263 3224 ria,
282 3169 351 3230 quot
368 3161 521 3226 formulae,
541 3170 610 3230 quot
627 3163 788 3228 cautiones,
806 3165 863 3221 sint
880 3113 1085 3230 addiscendas,
1104 3181 1189 3233 quam
1211 3169 1268 3220 sol·

200 3231 278 3284 licite
298 3229 468 3295 curandum,
486 3245 521 3282 ne
539 3247 556 3283 a
573 3231 757 3299 praescriptis
773 3233 869 3284 verbis
879 3235 1057 3298 recedamus,
1076 3250 1139 3286 cum
1154 3235 1266 3301 volunt,

157 3322 160 3327 ·
201 3298 442 3364 'ureconsultnm,
467 3299 545 3351 lusus
564 3305 593 3350 et
611 3298 765 3367 voluptatis
783 3317 883 3367 cansa,
910 3309 970 3355 tam
988 3305 1097 3354 vastum
1117 3308 1147 3356 et
1164 3305 1265 3358 turbu·

229 3372 309 3420 utum
326 3368 503 3435 antiquitatis
522 3381 599 3420 orare
617 3369 777 3436 enavigare.

269 3435 339 3498 Quis
363 3449 431 3488 vero
454 3451 511 3488 non
535 3435 629 3498 videt,
656 3437 839 3488 temerarium
864 3451 926 3490 esse
951 3444 982 3490 et
997 3433 1104 3502 audax,
1129 3437 1216 3509 leges
1234 3441 1267 3494 ab

201 3503 266 3556 aliis
297 3503 431 3571 scriptas,
462 3510 492 3556 et
517 3501 564 3554 rel
589 3509 732 3571 tempore,
762 3503 809 3556 rel
835 3522 853 3558 a
875 3504 1048 3560 Tribuniano
1082 3507 1267 3576 depravatas,

200 3573 354 3624 restituere
369 3571 458 3635 velle,
476 3585 568 3622 nonne
581 3572 756 3626 emendando
770 3579 800 3625 et
814 3575 988 3628 restituendo
1000 3575 1028 3634 le
1050 3589 1079 3634 es
1090 3592 1181 3628 noras
1197 3579 1263 3630 scri·

200 3639 287 3692 bunti
317 3640 400 3703 Quod
418 3639 532 3707 quidem
550 3639 678 3707 plerique
693 3641 917 3708 inmidorum,
935 3650 963 3694 et
980 3645 1007 3694 in
1045 3644 1155 3710 uiacio,
1175 3647 1264 3700 virne

201 3709 265 3761 Tua
279 3709 420 3760 sententia
437 3723 560 3771 summo,
579 3709 646 3776 jure
662 3708 912 3776 reprehenderunt.
946 3711 1149 3764 Abstinendum
1167 3715 1269 3782 itaque

105 3797 107 3802 ,
202 3781 247 3828 est
260 3776 295 3828 ab
309 3774 516 3829 hac'violentia
533 3781 561 3826 et
571 3777 734 3830 temeritate
742 3815 750 3841 ,
775 3783 803 3829 et
815 3784 931 3846 recepta
939 3782 1037 3847 potius
1051 3779 1136 3833 lectio
1146 3819 1160 3846 ,
1174 3797 1271 3851 eaque

199 3843 344 3912 legitima,
363 3849 409 3895 est
425 3844 580 3896 retinenda.
615 3843 717 3898 Tutius
735 3845 809 3896 enim
828 3853 888 3911 est,
907 3849 1013 3900 centies
1026 3863 1089 3900 cum
1102 3848 1222 3918 legibus
1243 3859 1273 3905 et

199 3909 326 3964 librariis
345 3925 457 3975 errare,
477 3927 560 3979 quam
578 3929 661 3966 uuam
678 3912 778 3965 falsam
796 3913 944 3967 lectionem
959 3917 1109 3968 intextum
1122 3917 1274 3987 recipere.
1319 3913 1320 3969 i

200 3979 318 4047 ltaque,
349 3979 375 4032 si
397 3979 558 4032 emendatio
580 3987 640 4033 tam
658 3977 702 4034 est
716 3981 892 4050 pe1iculosa,
922 3991 954 4036 ut
971 3985 1101 4037 omuibus
1117 3985 1157 4038 sit
1175 3990 1284 4055 pestis,
1319 3991 1320 4030 ἱ

255 4195 280 4252 ·)
295 4194 370 4240 Notat
383 4195 536 4244 Marcellinus
551 4199 570 4244 1.
583 4214 605 4245 o.
619 4201 743 4260 imperitos
759 4203 884 4261 quosdam,
902 4205 956 4264 qui,
977 4217 1030 4250 curu
1045 4205 1163 4254 idueieni
1178 4220 1272 4259 nomen
1319 4199 1320 4213 ¹

201 4251 335 4307 mouent.
348 4254 441 4312 piscem
451 4256 583 4304 crederent..
1163 4301 1165 4306 .
1319 4263 1320 4280 ¹
