2658 4916
530 361 605 432 tlt

28 547 103 589 unse
119 524 253 586 ludibrio
273 521 373 599 plebis
390 521 512 596 expositi
529 531 558 579 et
575 516 611 576 ab
624 516 758 579 omnibus
766 517 840 576 vitae
852 516 1100 590 commoditeffllls

29 598 126 656 exclusi
145 597 276 650 inerunt.
322 595 402 648 liene
422 591 586 660 tentarint,
609 599 641 645 ut
657 589 711 644 hac
730 587 1044 660 poenarumatrocitate
1060 591 1100 646 ad

30 687 56 723 ea
71 665 231 724 coercenda
250 679 330 734 opus
348 659 442 718 emet?
463 660 557 716 Video
574 677 625 715 vos
634 675 707 739 Jmea
717 655 843 712 oratioue
851 656 1016 737 liquefactos
1025 673 1107 737 essse„

29 735 174 800 auditores,
194 740 225 786 et
236 729 375 785 lacrimas
395 735 431 784 ex
449 729 539 782 oculis
556 737 656 782 vestras
673 734 808 798 tanquam
825 731 1107 797 gratissimosvscto'

29 805 78 858 riae
101 817 184 858 meae
210 809 376 870 praecones
400 795 523 878 prodire.
566 797 628 850 Hoc
648 793 729 865 signo
752 801 875 846 vestram
895 789 1100 872 humanitatem

27 887 153 944 agnosco,
172 869 223 924 his
241 863 464 922 humanissrmis
480 863 605 920 lacrimis
619 879 684 919 reos
699 873 780 916 meos
797 857 956 916 absolvens.

141 1147 630 1247 suusuaucuuusr
666 1146 981 1212 scrrsnuss.

290 1301 401 1368 Jol.
440 1301 559 1387 Aug.
601 1293 883 1375 [iuuentis

493 1415 651 1491 junctae

28 1519 66 1576 ale
81 1520 129 1576 iis
145 1522 368 1590 rationibus,
385 1521 565 1576 seeundum
578 1535 662 1602 quus
673 1533 726 1572 rer
736 1495 1099 1600 philosoplae'eeehodie

90 1607 226 1662 queque
243 1607 402 1647 sermone
415 1607 503 1662 pure
522 1591 630 1644 latine
646 1594 874 1658 pertractare
888 1596 1039 1658 possent.

393 1703 396 1710 ¹
471 1725 515 1782 hil
537 1740 602 1795 pag.
622 1724 664 1778 lt.

98 1823 190 1884 Libris
207 1829 270 1886 illis
286 1824 467 1902 vulgaribus,
485 1823 682 1897 philosophiae
698 1832 847 1896 praecepta
865 1822 1099 1895 pertractantibus

32 1891 86 1947 hoo
101 1897 272 1973 plerumque
292 1909 444 1954 commune
462 1903 519 1962 est,
544 1894 622 1968 quod
640 1903 688 1946 aut
703 1893 856 1948 vernaculo
874 1907 1003 1946 sermone
1025 1909 1099 1948 cen-

39 1961 130 2029 scripti
151 1976 231 2026 sunt,
258 1976 307 2022 aut
330 1981 347 2018 a
367 1963 487 2044 puritate
512 1971 541 2016 et
563 1961 701 2033 elegantia
720 1959 800 2015 latini
821 1957 959 2014 sermonis
975 1960 1099 2018 nimium

39 2027 181 2100 recedunt,
202 2027 284 2104 enjus
305 2029 436 2104 iuprrmis
463 2029 588 2086 studiosa
614 2047 676 2084 esse
699 2027 814 2101 puerilis
836 2036 912 2080 aetas
937 2024 1037 2082 debet:
1066 2038 1099 2086 nt

41 2093 193 2162 periculum
217 2103 266 2170 sit,
291 2119 329 2156 ue
353 2098 459 2170 impuri
480 2095 631 2167 ejusmodi,
655 2106 686 2152 et
706 2103 795 2180 ptene
816 2092 931 2148 barbari
951 2093 1042 2156 libelli
1065 2097 1099 2152 iu

41 2159 150 2241 wholas
169 2171 269 2240 recepti
276 2209 291 2238 ‚.
314 2183 427 2226 cerrum
449 2175 497 2220 ant
525 2163 662 2240 quicquid
689 2181 725 2222 ea
748 2181 785 2219 ex
807 2162 907 2234 priscis
929 2162 1011 2218 latini
1034 2181 1098 2220 ser-

40 2243 136 2282 monis
154 2235 307 2294 nonoribus
323 2243 400 2290 recte
437 2231 517 2288 idicit
531 2242 560 2286 et
574 2233 666 2288 traxit.

111 2297 172 2352 Hoc
186 2301 223 2356 ita
260 2302 389 2370 euobis,
407 2302 479 2357 haec
497 2299 637 2356 solidioris
647 2299 790 2357 doctrinae
803 2297 884 2354 initia
898 2295 1097 2370 scribentibus,
1171 2348 1173 2358 .

41 2364 215 2440 propositum
223 2321 295 2440 iic,
313 2379 344 2440 ut
360 2377 468 2424 tannim
484 2369 670 2438 traderemus,
691 2377 828 2444 qnantum
845 2374 919 2421 esset
934 2367 969 2420 ad
987 2368 1099 2425 animos

41 2432 181 2551 prveniles
204 2437 382 2494 Academicae
403 2427 547 2492 doctrinae
566 2437 771 2508 praeparandos
789 2435 871 2502 satis3
897 2443 930 2488 ut
946 2451 1008 2489 eam
1023 2437 1098 2492 sori-

65 2500 133 2553 endi
149 2502 280 2560 rationem
297 2504 507 2572 adhiberemus,
527 2522 600 2578 quae
617 2505 777 2575 puritatem,
795 2501 934 2576 queamus
950 2501 1011 2558 fieri
1026 2519 1100 2576 pos-
1155 2523 1158 2530 ·

45 2575 102 2634 set,
116 2583 262 2641 ,servaress
284 2583 312 2628 et
332 2576 416 2644 paulo
438 2573 553 2644 propius
576 2572 611 2626 ad
629 2581 756 2627 veterum
773 2570 939 2626 Latinorum
958 2569 1112 2646 rationemj

44 2634 201 2695 disserendi
218 2641 371 2710 accederet,
388 2641 493 2716 quide
510 2637 595 2695 rebus
612 2639 816 2714 philosophicis
834 2638 1013 2720 scripserunt.

107 2705 245 2779 Equidem
267 2707 366 2778 rideo,
397 2725 481 2780 saepe
505 2725 567 2764 esse
591 2710 770 2782 multumque
795 2706 831 2760 de
854 2707 935 2763 latsni
958 2709 1099 2768 sermonis

40 2771 128 2840 pretio
145 2773 327 2850 disputatum,
351 2793 418 2832 nnn
435 2775 551 2860 quidam
568 2775 734 2831 viderentur
749 2773 834 2830 nimis
851 2792 917 2856 essm
934 2784 1098 2848 extenuare,

40 2854 72 2891 uc
87 2855 153 2910 prae
170 2845 312 2900 vernaculi
331 2861 470 2901 sermonis
488 2843 581 2902 studio
597 2854 793 2912 contemnere,
813 2844 861 2898 alis
879 2853 973 2900 autem
990 2844 1028 2900 ita
1044 2865 1099 2902 ex·

40 2907 148 2977 tollere,
174 2909 206 2968 ut
228 2911 346 2984 patriam
370 2913 496 2986 linguens
515 2913 717 2984 deprimerent,
744 2929 900 2986 omnesque
918 2929 966 2969 eos
989 2921 1125 2971 mnium.

40 2988 96 3028 uon
113 2973 245 3035 barbaros
264 2989 292 3035 et
309 2990 424 3036 truncos
441 2979 612 3050 judicarent,
632 2979 682 3054 qui
699 2998 758 3034 non
776 2987 870 3035 essent
886 2981 972 3036 latine
989 2981 1099 3046 doctis-

22 3115 24 3118 ·
39 3039 114 3112 simi,
133 3039 303 3119 aut'patriae
321 3047 404 3102 etiam
415 3047 529 3121 linguae
542 3045 650 3121 aliquid
665 3047 751 3104 studii
764 3045 947 3102 tribuendum
959 3057 1098 3120 putarent.

102 3115 232 3185 Quorum
249 3115 366 3191 quidem
382 3127 516 3170 neutrnm
530 3112 659 3170 mirabile
676 3113 786 3169 accidit.
820 3117 906 3181 Nam,
926 3132 991 3170 cum
1003 3135 1099 3188 perse

37 3175 117 3235 facile
135 3183 188 3251 sit,
207 3183 291 3260 quod,
301 3201 361 3238 non
377 3182 495 3252 habeas,
514 3192 709 3239 contemnere:
728 3191 789 3255 tarsu
805 3199 874 3237 vero
890 3182 945 3238 hoc
959 3185 1044 3240 etiam
1057 3197 1101 3244 est

37 3242 151 3305 humani
168 3249 277 3324 ingenii
295 3251 411 3320 vitium,
478 3252 514 3308 od
533 3269 584 3307 sua
599 3260 708 3305 tantum
728 3250 825 3324 md'gni
846 3250 966 3333 quisque
983 3252 1049 3309 iuuit
1070 3263 1100 3310 et

37 3317 157 3390 extollit,
178 3328 270 3374 cetera
285 3318 360 3373 levia
377 3328 405 3374 et
421 3338 449 3375 vr
463 3320 488 3375 ia
506 3327 592 3391 putat.
628 3319 682 3372 Sed
698 3335 784 3394 quam
795 3317 867 3386 sint,
886 3331 934 3400 qus
950 3320 988 3376 ite
1004 3332 1098 3396 agant,

37 3380 141 3456 miqui,
166 3387 250 3442 facile
274 3386 394 3460 intelligi
417 3397 517 3459 potest.
557 3385 673 3442 Latinae
697 3396 726 3442 et
748 3386 853 3458 patriae
878 3389 992 3469 lrnguae
1014 3407 1112 3446 suum.

38 3451 155 3515 pretium
166 3464 221 3510 est:
241 3455 290 3510 sed
309 3472 360 3510 sno
371 3454 476 3529 cuique
488 3457 560 3511 loeo.
595 3454 685 3522 Patria
701 3453 799 3528 lingua
815 3455 886 3530 quin
904 3466 941 3521 sat
957 3457 992 3512 ad
1010 3457 1100 3514 vitam

40 3529 217 3594 ⁰0131muuem
248 3522 358 3590 utilior,
391 3523 661 3597 commoditatesque
691 3521 799 3590 efferat,
829 3540 1001 3598 quacunque
1030 3526 1098 3598 alia,

36 3596 170 3658 majores,
193 3607 315 3664 eamque
340 3587 377 3645 ob
402 3607 515 3645 eastum
540 3607 607 3645 suus
630 3589 733 3664 cuique
754 3590 861 3645 nationi
885 3609 978 3648 sermo
996 3592 1115 3658 debean

34 3665 94 3706 csse
110 3658 290 3724 carissimus,
309 3675 394 3716 nemo
411 3668 503 3730 potest
519 3667 594 3726 recte
611 3655 749 3714 dubitare.
782 3658 869 3714 Addo
885 3658 971 3715 etiam
986 3661 1054 3732 hoc,
1073 3658 1100 3718 si

34 3720 95 3790 quis
112 3723 187 3780 uelit
201 3723 315 3782 civibus
332 3726 392 3784 suis
414 3724 632 3802 quibuscunque
648 3726 796 3798 prodesse,
821 3735 853 3780 ut
870 3727 907 3781 ad
924 3747 1022 3786 omnes
1039 3731 1099 3786 rei-

33 3837 244 3868 ῌ

33 3918 39 3934 '
87 3925 146 3970 leh.
167 3927 232 3982 Δις.
255 3925 372 3972 Ernestis'
390 3949 420 3960 ·-
437 3929 547 3976 nudari
563 3929 691 3988 possint]
721 3929 799 3974 ‚ienis
818 3928 901 3976 besses
919 3931 955 3976 rei
976 3945 1097 3989 perperam

34 3975 105 4034 tumn
120 3981 244 4035 neglectas
258 3983 396 4040 disquisitio
411 3984 545 4030 initiorum
560 3987 687 4033 doctrinae
701 3987 832 4034 solidioris
852 3988 994 4046 praefationi
1008 3990 1098 4047 priscae
1122 4003 1125 4010 ’

33 4044 55 4076 ι.
65 4041 129 4082 lidii.
141 4039 245 4096 scriptas
256 4053 310 4096 paq.
318 4039 380 4084 x1v
392 4054 456 4100 seqq.
469 4043 528 4087 saite
539 4043 633 4088 omnino
645 4045 673 4088 sb
685 4043 795 4088 Ernestio
807 4049 888 4090 nostro
899 4046 1007 4100 injuncte
1018 4047 1068 4098 est3
1084 4059 1098 4092 ο

32 4103 79 4148 qun
100 4091 146 4137 huc
164 4097 263 4140 esnslsus
283 4097 337 4141 ideo
352 4097 501 4154 potissimum
516 4097 695 4153 transtulimus,
716 4103 824 4168 quonism
840 4113 882 4158 pro
898 4107 1007 4148 consueto
1022 4103 1098 4148 nestri

33 4150 147 4204 temporis
168 4165 232 4196 mors
251 4152 368 4199 librorum
390 4155 432 4198 diu
449 4153 547 4210 janiam
567 4155 715 4210 vttlpstornnr
735 4158 895 4214 praefationes
914 4172 943 4202 ne
962 4160 982 4204 ii
1002 4159 1097 4216 quidem

33 4203 128 4251 soleant
140 4207 302 4266 perlustrare,
319 4211 360 4270 qul
372 4212 478 4258 sensati
491 4223 550 4257 sens
563 4217 689 4258 mntsxtus
703 4214 780 4270 ipsias
794 4213 897 4262 lectam
911 4220 1034 4274 apparant.
