2736 4912
651 263 656 278 ⁸
751 309 784 385 e

232 473 468 544 modumr'rtili.¹
513 471 551 539 ln
573 465 720 540 conditas
735 471 1067 564 pestsayAeadereiss
1085 473 1221 556 Clerici,
1242 477 1329 561 qui*

231 561 442 626 Professores
459 559 755 641 constituebantur,
777 561 931 626 Latinam
948 560 1095 648 linguam
1113 558 1308 638 seniorunt,
1329 573 1330 612 ι

75 723 79 733 .
254 644 546 732 noromeaemplo
564 663 677 710 omnes
698 647 733 710 in
750 645 936 710 Academiis
957 643 1163 709 Professores
1180 644 1308 709 Latine
1330 662 1331 696 ι

186 782 191 792 ,
256 743 360 796 'eres
383 731 504 794 dooere
523 732 609 814 jussi
629 741 714 796 sont.
759 727 858 806 Quod
886 731 934 798 uti
955 728 1037 794 olim
1063 729 1332 816 sapientissime*

232 818 415 880 institutum
429 828 495 893 cst,
516 817 564 878 ita
580 827 613 879 et
629 817 748 892 mirum
763 833 830 878 nen
848 825 914 894 est,
934 814 1100 902 plerisque
1113 813 1308 878 Academiis
1330 879 1333 896 ,

232 899 417 986 praefectos
448 899 584 964 eandem
615 899 791 963 salutarem
819 898 926 986 legera
957 913 1205 977 conservasse,
1224 917 1334 962 ean-t

235 984 375 1069 demque
391 983 478 1047 iorte'
494 982 678 1070 neglectam
695 985 730 1046 in
746 1003 841 1048 nsum
861 1003 1058 1059 revocassem¹
1070 984 1222 1068 idemque
1242 999 1308 1045 ua-
1334 1017 1335 1020 π

233 1087 293 1155 per
312 1069 410 1132 etiem
431 1070 464 1133 in
484 1067 546 1132 hac
565 1068 730 1153 Lipsiensi
744 1067 924 1136 Academia
938 1068 1063 1132 iactum
1084 1066 1254 1130 laetamur.
1335 1103 1336 1110 ι

318 1149 485 1228 ‘Quoniam
506 1171 586 1217 vere
613 1173 659 1216 ex
678 1156 736 1232 iis,
765 1173 848 1238 qnae
871 1152 1028 1226 hactenus
1053 1173 1073 1215 a
1096 1149 1189 1215 nobis
1216 1152 1308 1215 dicta
1326 1152 1337 1236 ‘3

235 1247 326 1315 sant,
353 1235 452 1300 facile
478 1256 518 1321 ap
540 1247 626 1314 aret,
654 1256 813 1302 summam
834 1239 923 1300 omni
946 1249 1091 1324 tempore
1119 1236 1205 1320 apud
1229 1257 1307 1298 eru-
1337 1279 1338 1322 ι

46 1359 53 1410 p
236 1321 319 1386 dites
345 1320 492 1385 homines
518 1259 658 1385 Asinae
680 1320 814 1408 linguae
841 1324 1065 1410 anmotitatem
1089 1319 1208 1397 fuisse,
1238 1323 1307 1383 'am

231 1405 268 1468 id
288 1403 384 1469 nobis
396 1407 564 1491 agendum
581 1419 647 1485 est,
659 1408 720 1485 'ut,
735 1421 839 1492 ‘mam
859 1425 955 1470 nune
967 1407 1086 1470 nostfis
1105 1407 1241 1488 tempori
1290 1426 1307 1467 s

235 1488 356 1554 lrabeat
368 1503 403 1552 et
419 1492 661 1569 auctoritatem,
678 1501 711 1554 et
723 1489 914 1568 utilitatem,
931 1492 1148 1556 ostendamus.
1170 1523 1174 1530 .
1192 1488 1309 1552 Facile

235 1591 315 1638 vere
334 1575 634 1659 praesentimus,
658 1573 745 1639 baud
760 1591 883 1662 paucos
901 1575 1031 1647 futuros
1047 1593 1136 1652 esse,
1160 1575 1215 1658 qui
1230 1593 1307 1658 pro·

235 1661 493 1744 pter'ingentcm
512 1657 645 1745 linguae
666 1658 864 1724 vernaculae
891 1659 1054 1736 amorem,
1087 1676 1181 1744 quem
1202 1679 1221 1720 a
1242 1661 1307 1742 piis

236 1739 395 1806 matribus
424 1755 635 1821 caecarunt,
676 1742 949 1810 celeriternobis
979 1743 1189 1807 acclamaturi
1224 1743 1308 1805 sint:

216 1823 357 1905 „Eheu
384 1825 469 1890 bone
524 1829 598 1890 cos!
631 1845 791 1912 quaenam
813 1840 889 1892 sunt
909 1848 1045 1906 causae,
1072 1838 1206 1913 propter
1271 1849 1309 1890 as

116 1917 123 1933 ⁴
187 1943 192 1947 -
238 1913 401 1973 contemni
420 1913 526 1997 patria
546 1911 677 1997 lingna,
699 1912 834 1997 &extolli
848 1909 968 1976 Latina
995 1911 1163 1975 debeatt“
1201 1954 1241 1987 „.
1263 1931 1309 1974 on

233 2001 455 2080 ',5negnmsis,“
474 1997 623 2081 inquient
636 1995 680 2076 hi,
702 2015 877 2084 „magnam
891 1993 969 2070 olim
984 1991 1175 2076 facultatem
1187 1993 1309 2062 Rome-

236 2097 374 2156 „norum
395 2078 542 2166 linguam
565 2078 762 2157 obtinuisse,
784 2083 842 2160 sed
862 2080 930 2145 illis
947 2077 1167 2167 temporibus,
1189 2077 1310 2164 quibus

264 2279 271 2291 s
309 2243 391 2310 Quod
404 2246 450 2298 stts'
467 2255 500 2288 ¹-
536 2253 628 2302 actam
646 2251 791 2302 lactatam.
835 2249 999 2314 Quibuscum
1020 2263 1055 2301 ue
1070 2247 1310 2318 prudentioribus

236 2311 376 2366 historiae
400 2247 560 2396 littererAae
579 2248 848 2385 perscrutatoribus
874 2316 928 2372 hoc
946 2263 1061 2386 qniAem
1084 2317 1242 2369 innotuerit
1258 2333 1308 2368 ne-

238 2392 317 2435 eesse
336 2388 393 2445 est,
416 2385 452 2434 tls
469 2385 541 2453 ipsis
559 2388 751 2454 temporibus,
775 2401 826 2454 per
844 2399 916 2456 quae
934 2393 1089 2454 perpetuae
1107 2385 1304 2454 grammatico-

238 2464 301 2502 rum
315 2447 385 2500 item
398 2458 484 2520 etque
499 2459 647 2506 oratorum
669 2455 899 2508 doctissimorum
914 2469 1000 2507 curae
1013 2456 1042 2505 in
1054 2453 1176 2525 Latinae
1192 2453 1305 2522 linguae

237 2517 377 2570 idiomate
394 2520 598 2588 pel-poliendo,
617 2523 774 2596 excolepdo
793 2529 822 2574 et
839 2521 1032 2574 conservando
1051 2524 1131 2574 unice
1148 2520 1209 2572 iere
1226 2521 1308 2587 posi-

238 2593 287 2639 tse
309 2593 417 2650 ament,
438 2585 517 2641 hane·
535 2585 625 2641 solim
651 2603 761 2659 quoquc
786 2590 911 2659 linguam
930 2591 1035 2649 litteris
1057 2589 1311 2658 docendisaptam

239 2656 310 2707 satis
326 2655 360 2707 'et
375 2656 617 2722 accommodatam
635 2657 737 2716 inisset
755 2660 847 2710 serius
865 2667 973 2723 autem,
992 2666 1140 2728 postquam
1154 2657 1188 2708 de
1203 2669 1316 2708 verna··

209 2777 211 2784 ,
239 2721 304 2775 culo
322 2737 452 2775 sermone
469 2731 577 2778 nostro·
587 2713 771 2796 expurgando
791 2733 821 2778 et
834 2726 958 2780 limando
971 2733 1016 2779 tot
1030 2728 1157 2794 tantique
1168 2723 1224 2776 viri
1241 2723 1312 2776 ieli·

240 2791 353 2866 cissime
378 2791 509 2861 proiecte
532 2801 712 2861 meruerunt,
739 2793 811 2847 hune
838 2795 930 2863 ipsum
961 2796 1061 2847 itidem
1087 2795 1158 2847 satis
1189 2793 1312 2862 digiiu'm

239 2858 341 2923 fuisse,
367 2875 422 2927 quo
447 2876 494 2914 res
518 2862 677 2916 litterariae
699 2861 745 2924 uel
768 2865 797 2915 io
816 2864 993 2916 academicos
1018 2871 1085 2915 usus
1106 2861 1220 2940 publice
1242 2877 1311 2930 per-

239 2933 442 3000 tractarentur.
485 2931 577 2992 anm
602 2944 670 2983 vero
693 2930 777 3000 plane
801 2933 918 3003 jamjam
939 2931 1099 2984 obsoluerit
1122 2936 1314 2999 praeceptum

240 2995 327 3057 illud,
352 2996 387 3047 ab
405 2999 528 3052 Auctore
548 3006 646 3052 nostro
663 3015 751 3068 supra
768 2999 1089 3070 commemoratumyi
1107 3001 1189 3068 cujus
1206 2999 1236 3049 in
1254 2995 1314 3050 hac

241 3063 391 3131 Lipsienai
403 3066 490 3116 etiam
509 3069 661 3132 Academia
683 3074 749 3120 ante
767 3066 818 3120 hos
842 3069 919 3136 ipsos
937 3069 1084 3137 octoginta
1101 3081 1188 3135 annos
1209 3079 1314 3118 omnes

211 3187 225 3198 ‚¹
240 3127 422 3204 Professores
441 3134 528 3186 latim
546 3135 658 3188 litteras
677 3137 780 3189 docere
796 3138 869 3206 jussi
886 3144 966 3189 sunt:
985 3139 1090 3205 quippe
1105 3135 1182 3202 quod
1200 3147 1235 3186 ea
1253 3136 1315 3186 uti-

241 3197 340 3263 litcte',
366 3215 439 3270 quae
458 3209 526 3255 tunc
548 3205 687 3272 temporis
705 3206 804 3256 stricte
826 3205 882 3273 ipsi
904 3206 1040 3274 denegari
1058 3219 1113 3254 non
1131 3193 1244 3270 potuit,
1273 3203 1314 3254 ob

241 3267 397 3320 dilucidum
409 3287 551 3324 curarum
573 3273 688 3324 illarum
711 3270 843 3326 ellectum
866 3279 969 3338 aperte,
981 3271 1119 3340 paulatim
1138 3272 1312 3324 destituere-

242 3339 449 3408 tuuasinoeris
467 3338 643 3392 humanioris
662 3341 828 3409 disciplinae
846 3289 1043 3396 defensoribus
1062 3339 1191 3392 omnibus
1211 3353 1247 3390 eo
1267 3339 1311 3388 in-

242 3406 349 3458 tentius
367 3407 396 3475 id
415 3409 570 3460 curandum
589 3409 660 3472 erit,
686 3415 718 3460 ut
736 3410 838 3478 aliquis
856 3417 951 3462 tamen
968 3408 1099 3478 publicus
1115 3408 1237 3461 lactinae
1257 3406 1314 3458 lin-

241 3484 315 3541 guae
327 3475 358 3526 in
373 3472 457 3528 rebus
471 3477 621 3529 litterariis
635 3478 843 3544 pertractandis
857 3493 924 3529 usus
939 3493 994 3529 non
1005 3481 1189 3529 conservetur
1202 3474 1316 3538 solnm,

127 3592 132 3604 ι
242 3542 292 3592 sed
310 3545 453 3609 praesenti
471 3545 556 3596 etiam
571 3545 696 3613 ipsarum
709 3547 866 3598 conditioni
881 3546 1036 3614 prudenter
1053 3544 1215 3612 adaptetur.
1252 3543 1317 3596 Va-

241 3607 301 3665 lida
319 3613 527 3680 ergo„quibus
545 3613 598 3666 hoe
618 3613 777 3679 efficiatur,
796 3614 919 3682 peteuda
933 3620 1017 3665 erant
1031 3612 1175 3664 remediat
1193 3612 1223 3661 in
1239 3625 1317 3678 quo-

239 3693 304 3742 rnm
317 3692 434 3731 numero
448 3681 504 3731 duo
517 3679 568 3746 ¹illa
581 3683 769 3750 principatum
781 3682 885 3734 mereri
894 3682 976 3734 nobis
989 3681 1132 3744 videntur,
1144 3681 1174 3730 iu
1182 3679 1318 3747 justiore

241 3759 388 3864 magnspuc
403 3749 760 3834 'circumspecto'lratiuae
784 3751 898 3819 linguae
921 3750 1017 3832 studio
1041 3749 1151 3816 pariter
1173 3753 1261 3864 attpue
1282 3750 1319 3798 in

241 3827 339 3867 marcu
351 3831 369 3867 a
390 3816 528 3868 librorum
547 3831 706 3871 severiores
724 3821 836 3873 htteras
854 3825 1042 3886 spectantium
1063 3831 1196 3877 censura,
1228 3815 1317 3866 auno

241 3883 380 3936 idiomate
399 3883 578 3950 eibibenda,
592 3888 719 3956 apprime
736 3889 894 3952 versantla3
913 3885 1015 3954 quibus
1036 3884 1197 3938 accuratius
1215 3883 1318 3949 expli-

242 3952 340 4028 candis
356 3953 400 4005 ita
418 3953 672 4023 patrimoniorum
697 3957 858 4024 appulimus
867 3960 885 4019 ‚'·
899 3961 930 4006 ut
951 3955 985 4006 de
1009 3953 1101 4006 altero
1121 3951 1317 4015 Klotzionr,

242 4031 389 4072 summum·
406 4022 546 4088 quondam
569 4023 737 4076 Academiae
757 4025 892 4077 liniensis
916 4023 1016 4084 decus,
1041 4021 1216 4086 eundemque
1242 4030 1316 4070 acu-

166 4129 172 4142 .
241 4089 383 4142 tissimum
404 4087 487 4158 liujus
507 4091 659 4159 praecipue
684 4093 726 4143 rei
745 4104 906 4155 censorem,
929 4093 960 4150 in
977 4080 1176 4143 Additumeatis
1197 4087 1317 4138 nostris

241 4155 414 4224 loquentem·
423 4158 637 4225 induceremus,
656 4160 773 4214 alterius
786 4165 859 4214 bere
875 4161 984 4230 gratia,
1002 4161 1032 4211 in
1045 4158 1178 4236 Ercnrm
1189 4156 1319 4208 secando

243 4227 299 4294 ipsi
316 4226 404 4281 verba
422 4228 559 4294 quaedam
578 4228 743 4283 laceremus.
776 4229 783 4242 “
860 4281 862 4288 ,
1238 4223 1276 4277 V·
