2658 4916
871 251 879 286 i

696 307 773 388 ‘136
843 319 845 326 ’

200 434 224 531 a:
235 473 401 532 mortalibus
410 473 500 532 oculis
515 463 642 548 conspici
654 465 796 534 volumus.
830 475 964 532 (interum
979 464 1067 532 tutela
1084 465 1284 552 quarumdam

201 544 276 600 inter
292 543 422 600 homiues
441 545 606 600 societatum
623 542 707 600 nobis
722 529 873 602 comnfissa
888 554 947 614 cst,
969 555 999 600 et
1021 545 1058 600 ad
1083 561 1131 598 me
1157 544 1283 596 rabula·
1321 559 1322 572 ¹

202 628 266 664 rura
283 611 470 683 patrocinium
489 614 658 668 detulerunt.
691 613 767 668 Hinc
785 629 869 686 aegre
886 611 964 680 fero,
986 621 1046 668 tam
1061 614 1136 666 mule
1154 631 1171 666 a
1188 609 1284 668 vobis

202 680 319 740 clientes
338 697 417 734 meos
438 678 552 747 haberi,
571 680 732 754 famamque
750 689 778 736 et
789 681 891 749 fidem,
910 697 976 736 cum
988 680 1201 736 existimatione
1220 680 1283 734 im-

201 748 310 804 meritis
334 747 447 802 auferri.
481 751 559 802 Haec
582 748 678 803 omnia
702 751 769 804 volo
795 749 832 805 iis
856 748 938 803 brevi
960 748 1079 804 restitui.
1115 748 1284 820 Quodnisi

198 825 299 870 ›uostra
315 831 398 870 causa
415 815 662 886 proxime-factum
675 833 737 871 csse
751 835 882 886 sensero,
903 815 1060 872 durissimis
1072 817 1173 886 poenis
1188 833 1283 871 omne

202 883 360 938 hurmanum
378 900 466 955 genus
483 883 629 938 coercebo.
665 886 706 938 Ne
723 903 792 942 rerc
808 884 921 956 possitis
933 884 1084 958 conqueri,
1103 884 1282 955 improvisos

202 967 258 1006 nec
274 951 397 1006 monitos
415 960 480 1006 ante
497 968 603 1021 poenas
615 961 724 1009 nostras
743 953 929 1026 oppressisse,
947 951 1025 1024 ipsae
1042 961 1071 1006 te
1086 963 1206 1008 nostrae
1226 969 1283 1006 ro-

121 1055 127 1063 .
203 1018 317 1074 luntatis
335 1020 482 1074 certiorem
500 1019 603 1074 factum
620 1021 771 1089 descendi,
802 1031 834 1076 ut
858 1037 892 1075 ea
908 1019 1037 1092 cognita,
1068 1019 1139 1074 alios
1156 1037 1282 1096 quoque

204 1103 301 1156 posses
318 1086 432 1142 hortari.
467 1087 609 1158 Quoniam
625 1091 866 1144 remorationem
888 1087 1049 1156 meditaris,
1072 1089 1232 1160 commode
1250 1107 1282 1142 ea

203 1154 352 1210 occasione
372 1156 415 1210 uti
438 1155 559 1232 poteris²
583 1155 619 1210 ad
640 1154 835 1213 defendendos
853 1165 965 1212 nosnos
982 1155 1100 1210 clientes
1117 1156 1280 1211 restituen-

204 1221 328 1296 damque
346 1222 383 1278 iis
399 1223 503 1278 sauram
520 1222 622 1293 inluuie
637 1223 768 1282 ablatam.
803 1228 861 1280 Nec
884 1233 964 1295 potes
983 1223 1091 1292 vereri,
1118 1242 1155 1278 ue
1180 1234 1214 1278 te
1241 1225 1279 1280 tui

186 1288 293 1358 'ipsius
320 1289 516 1348 defensionem
538 1292 695 1363 suscepisse
720 1291 823 1348 dicant.
847 1291 928 1372 'Quis
952 1289 1030 1348 euim
1052 1309 1119 1346 eum
1141 1289 1278 1348 rabulam

67 1355 70 1362 '
142 1403 144 1415 ,
170 1421 173 1433 ἣ
204 1357 359 1437 putaverit,
377 1358 425 1432 qui
444 1361 553 1439 nuliam
570 1361 697 1440 uuquam
715 1377 829 1430 causam
843 1378 877 1415 ru
894 1360 956 1415 foro
974 1359 1105 1440 oravqti“

74 1431 77 1442 '
198 1459 224 1486 „,
272 1426 427 1490 Hrodictis
441 1423 571 1506 suquis
589 1426 668 1483 abut.
702 1431 762 1501 Ego
781 1445 926 1485 veronen
943 1427 1064 1494 credidi,
1082 1444 1130 1482 rue
1147 1429 1276 1498 patroci-

198 1493 287 1554 nium
307 1503 417 1551 atanto
434 1513 552 1550 urrmrne
569 1495 641 1550 mihi
658 1495 783 1551 delatum
807 1499 960 1552 detrectare
978 1511 1077 1566 posse,
1099 1497 1273 1566 praesertim,

204 1578 271 1616 sum
287 1579 365 1625 nuuc
381 1561 494 1636 rabulas
511 1572 569 1618 turn
586 1564 769 1620 vehementer
781 1566 920 1631 admirer,
939 1581 1026 1638 quam
1037 1563 1182 1618 invidiose
1196 1575 1273 1620 antea

205 1629 322 1684 eosdem
338 1627 546 1702 despiciebam:
572 1649 631 1686 nec,
644 1632 768 1689 dicturus
786 1651 837 1704 pro
853 1630 961 1688 rabulis
979 1649 1093 1699 vereor,
1110 1631 1272 1700 Auditores,

147 1699 150 1708 '
204 1713 242 1750 ne
261 1695 292 1750 in
308 1706 400 1766 muta,
419 1717 491 1774 quae
508 1698 616 1754 diluere
634 1699 742 1768 debeo,
761 1701 913 1756 criminum
929 1699 1111 1754 multitudiue
1128 1715 1161 1754 ac
1180 1701 1271 1754 varie-

205 1773 278 1831 tate,
306 1773 352 1818 aut
369 1767 486 1830 materia
508 1785 555 1824 me
579 1768 713 1826 orationis
737 1769 862 1836 deficiat,
894 1776 942 1822 aut
964 1767 1037 1822 mihi
1061 1766 1123 1822 sine
1148 1769 1267 1848 pondere

205 1829 294 1886 verba
310 1833 426 1900 cadant,
443 1836 494 1892 sed
513 1837 606 1918 potius
624 1835 700 1908 genii
736 1845 832 1892 ‘utente
848 1835 955 1891 auxilio
972 1833 1118 1906 suffultus,
1146 1853 1202 1906 rpso
1216 1853 1259 1913 ra-

198 1895 338 1978 ‚bolarum
354 1901 454 1972 spiritu
478 1913 634 1972 arrimatus,
664 1853 827 1960 subimus
851 1914 945 1960 vostra
969 1902 1106 1958 audiendi
1130 1902 1260 1984 patienta,

205 1968 358 2047 criminum
375 1970 499 2045 denique
515 1971 664 2046 iniquitate
687 1970 937 2046 accusatorumque
954 1969 1112 2044 arrogantia
1130 1986 1266 2036 incensus,

204 2035 293 2114 mibi,
318 2035 371 2092 etsi
395 2048 489 2094 cetera
502 2057 562 2098 rau
578 2041 683 2096 diserto
700 2039 826 2108 hmnini,
849 2039 923 2094 hanc
940 2048 1036 2094 tamen
1054 2039 1212 2096 oraticnem
1226 2036 1269 2090 fe-

204 2103 296 2156 liciter
312 2122 506 2162 successuram
522 2123 584 2164 esse
603 2125 699 2178 spero,
725 2107 784 2164 imo
801 2106 923 2164 confido.
1167 2165 1170 2174 ,

200 2211 218 2223 ..
273 2172 441 2242 Enimvero,
466 2176 602 2248 quoniam
624 2174 707 2232 facile
731 2175 809 2296 qutui
826 2176 1007 2247 praevidere,
1033 2172 1179 2229 difficilem
1195 2171 1270 2250 futu-

200 2249 267 2302 ram
283 2258 347 2316 esse
365 2241 396 2296 iu
412 2251 488 2298 tanta
510 2243 663 2308 criminum
684 2261 733 2300 ruu
746 2243 866 2299 titudine
889 2244 1270 2318 singulorumenumeratro-

205 2324 289 2374 nem,
309 2325 481 2381 magnopere
499 2309 656 2381 elaboravi,
675 2322 707 2366 ut
724 2311 760 2366 ad
778 2312 911 2380 fontium,
931 2331 947 2366 e
965 2308 1071 2385 quibus
1088 2327 1122 2365 ea
1138 2306 1271 2368 ebracen-

164 2382 168 2393 '
205 2384 331 2430 satorum
347 2375 496 2450 iniquitate
511 2378 690 2448 isauriantur,
718 2380 883 2436 tenuitatem
898 2380 992 2434 redire
1009 2396 1116 2453 eosque
1133 2375 1272 2432 exsiccare

205 2458 327 2511 possem.
362 2445 457 2520 Atque
474 2457 600 2506 accurate
618 2447 801 2504 consideratis
819 2445 984 2515 omnibusp
1000 2465 1075 2520 quae
1089 2445 1161 2506 meis
1185 2447 1272 2515 vulgo

206 2505 390 2579 obiiciantur,
408 2514 494 2569 credo
505 2513 540 2568 ad
553 2515 694 2588 triplicem
703 2518 794 2574 maiae
803 2515 885 2583 fidei,
900 2513 1028 2571 inscitiae
1042 2524 1070 2568 et
1081 2511 1273 2591 impudentiae

202 2593 320 2634 causam
335 2582 463 2636 revocari
481 2600 514 2638 ea
535 2584 631 2638 omnia
647 2601 742 2654 posse.
786 2587 828 2638 Ne
843 2583 938 2658 itaque
953 2601 1004 2640 uos
1024 2581 1158 2638 audiendi
1179 2596 1273 2650 magis

206 2645 300 2706 taedio
314 2646 437 2727 abrepti,
455 2665 542 2724 quam
554 2661 747 2708 accusatorum
758 2650 930 2726 argumentis
942 2651 1080 2723 perducti,
1098 2647 1269 2728 iniciquam

206 2722 375 2770 senteutiam
392 2716 557 2786 discedatis,
580 2720 745 2788 Auditcres,
760 2719 905 2776 brevitate
923 2735 1005 2772 meae
1022 2718 1150 2773 orationis
1166 2729 1269 2792 carere

206 2787 236 2834 et
251 2797 362 2838 summa
377 2793 486 2843 tautum
497 2787 663 2857 multiplicis
679 2787 863 2843 accusationis
876 2787 968 2861 capita
980 2787 1110 2858 attingere
1125 2789 1272 2837 constitui.

207 2914 215 2928 ι
276 2851 349 2918 Sed,
375 2851 443 2926 quid
453 2879 463 2920 ,ν
486 2871 591 2936 quaeso
614 2873 666 2912 vos
683 2855 850 2923 Auditum,
872 2854 927 2925 ipsi
950 2854 1061 2922 videte,
1085 2851 1153 2928 quid
1178 2849 1274 2920 magis

204 2927 335 2988 rueptum
353 2936 422 2974 exco
443 2921 504 2976 ituri
520 2931 623 3002 potest,
642 2940 728 2997 qnam
743 2941 776 2977 ea
789 2921 1064 2992 parsaccusationis,
1083 2937 1154 2994 quae
1169 2921 1275 2972 amaia

202 2982 263 3056 ¹fide
278 2987 403 3054 petitur?
424 2937 498 3058 gQuis
518 3007 548 3044 rn
566 3008 616 3058 eo,
637 2991 688 3066 qui
704 2992 818 3046 vincere
835 2989 1027 3046 adversarium
1046 2985 1198 3052 constituit,
1218 2982 1275 3040 bo-

200 3069 274 3116 ¹nam
284 3051 372 3108 fidem
383 3056 526 3129 requiret?
544 3058 641 3114 Vincit
650 3059 771 3127 scilicet,
790 3069 934 3132 utcunque
944 3066 1049 3130 potest,
1067 3053 1273 3133 quovincat:

205 3115 282 3176 bella
300 3141 414 3198 quoque
432 3125 528 3180 omnia
543 3125 676 3182 victoriae
694 3145 777 3182 causa
794 3125 970 3182 indicuntur:
989 3125 1043 3193 sio,
1063 3135 1096 3180 ut
1108 3122 1196 3193 rudici
1211 3123 1274 3176 lites

195 3191 416 3254 committantur
438 3192 646 3262 decernendae,
678 3214 742 3252 ses
773 3211 887 3270 quoque
912 3193 1045 3250 victoriae
1070 3191 1145 3246 facit.
1179 3189 1275 3261 Atque

205 3255 344 3325 profecto,
361 3259 526 3329 Auditnres,
545 3261 632 3316 nolite
653 3213 793 3330 dubitare,
812 3261 913 3316 iisdem
929 3259 1042 3334 iegibus
1060 3276 1157 3314 causas
1175 3257 1275 3337 foren-

203 3340 252 3388 ¹ses
270 3325 341 3406 regi,
368 3328 403 3380 ad
421 3345 491 3402 quas
516 3339 608 3384 cetera
630 3328 707 3384 bella
731 3327 890 3403 exiguntur.
926 3331 996 3382 Nam
1019 3331 1152 3382 Naturam
1175 3341 1276 3396 primis

138 3415 143 3452 ,ι
206 3389 372 3451 hominibus
390 3395 451 3450 vim
464 3405 495 3456 et
512 3415 589 3452 arma
598 3391 641 3458 ,ad
664 3415 814 3469 corporum
837 3395 1032 3454 defensionem
1053 3394 1218 3460 tradidisse,
1246 3409 1276 3445 ac

208 3458 329 3516 duorum
347 3479 471 3534 pugnam
488 3462 597 3520 bellum
614 3465 714 3534 fuisse,
741 3473 856 3522 constat.
892 3466 947 3520 Sed
966 3473 1117 3538 postquam
1132 3459 1274 3527 homines,

207 3528 254 3580 vei
272 3531 440 3599 securitatis,
459 3535 506 3586 vel
524 3534 729 3589 commoditatis
742 3551 839 3601 causa,
859 3531 890 3586 in
902 3531 1047 3588 societates
1061 3531 1204 3596 coierunt,
1222 3525 1273 3582 ab·

127 3643 143 3650 -
175 3625 176 3633 1
206 3591 321 3675 horrere
338 3617 453 3720 quicque
471 3598 506 3654 ab
526 3600 561 3658 iis
574 3599 708 3658 omnibus
724 3610 889 3672 coeperunt,
909 3618 982 3674 quae
994 3599 1106 3677 aditum
1117 3595 1270 3652 discordiae

207 3679 317 3731 aperire
335 3667 513 3722 videantur.
547 3669 623 3724 Hinc
645 3687 708 3723 eam
734 3669 819 3724 aimis
843 3667 988 3741 pugnandi
1011 3667 1156 3722 licentram
1174 3671 1272 3739 sponte

207 3729 411 3810 deposuerunt,
431 3745 575 3798 servantes
594 3735 649 3793 sibi
668 3737 753 3792 aliam
769 3735 839 3790 belli
859 3752 909 3805 per
926 3732 1014 3790 verba
1032 3733 1169 3805 speciem,
1197 3747 1276 3798 culus

105 3803 109 3809 ’
207 3809 298 3854 exitus
316 3801 417 3868 judicis
434 3805 571 3858 sententia
589 3803 761 3860 definiretur.
796 3808 854 3858 Nec
870 3813 966 3868 tamen
977 3797 1200 3858 hoovorbcrum
1210 3795 1279 3852 bel-

156 3881 158 3886 ·
206 3865 268 3920 ium
285 3867 353 3936 alias
370 3872 447 3943 leges
460 3869 562 3940 habet,
581 3891 668 3947 quam
684 3892 754 3946 quas
773 3882 801 3926 et
814 3889 956 3926 armorum
968 3877 1091 3944 pugnae,
1111 3869 1282 3945 inquorum

205 3933 303 3988 locum
320 3939 467 4006 successit,
486 3941 634 4010 recipiaut3
653 3957 686 3995 ac
703 3950 850 4012 propterea
868 3955 902 3994 ea
918 3939 1027 4006 omnia,
1046 3955 1120 4012 quae
1132 3952 1195 4014 Jure
1207 3931 1283 3988 belh

207 4004 345 4070 permissa
361 4015 427 4062 sunt
443 4016 475 4062 et
492 4005 562 4062 belli
578 4007 699 4066 ducibus
711 4008 917 4075 conceduntur,
936 4017 1012 4062 recte
1028 4021 1143 4080 quoque
1158 4021 1189 4056 ur
1206 4018 1283 4056 cau-

207 4068 258 4150 sis,
273 4069 434 4131 forensibus
458 4073 494 4128 ab
518 4093 615 4131 carrum
636 4077 762 4158 patronis
792 4074 866 4131 sumi
893 4075 1068 4143 censendum
1092 4080 1142 4126 est.
1176 4065 1283 4142 Atqui,
1323 4107 1324 4112 κ

207 4142 464 4222 qumexercituum
486 4143 718 4268 imqeratorrbus,
743 4153 791 4198 aut
811 4142 927 4197 urbium
945 4136 1202 4224 expugnatoribus,
1233 4146 1283 4216 aut

207 4207 344 4268 classibus
361 4210 509 4282 praelectis
553 4212 657 4270 anderu
674 4229 801 4289 uuquam
819 4209 1011 4284 exprobravit,
1030 4228 1046 4265 e
1066 4225 1122 4284 qua
1139 4223 1202 4279 ipsa
1219 4221 1281 4262 scr-
