2658 4916
502 256 784 410 {¹144

202 479 627 608 aarum''·maiorsss¹magistrie,
638 479 866 558 postulandum,
882 489 915 539 ut
929 497 998 538 cum
1015 479 1170 544 subtilitate
1186 483 1279 558 cogi·
1321 477 1322 510 u

202 551 281 613 tandi
305 551 425 626 eleganti
496 551 630 608 oratimne
653 561 839 624 coniungant:
869 561 1033 621 propterea,
1062 551 1144 628 qnod
1175 551 1211 609 in
1239 552 1278 608 iis
1321 569 1322 574 ¹

203 618 355 695 generibus
384 620 528 675 doctrinae
553 637 612 672 una
636 617 935 688 veritas-spectetur,
954 628 1043 692 eaqu'e
1069 637 1092 692 a?
1114 611 1278 676 verborum

203 686 485 762 elegantiasejuncta
502 704 563 742 esse
581 686 679 760 possit.
722 687 753 738 ln
772 703 830 760 quo
847 686 932 740 etiam
952 683 1105 740 abutuntur
1123 685 1278 744 Ciceronis

202 756 381 822 auctoritate,
406 755 457 830 qui
474 773 506 810 se
522 755 598 810 dicat
613 752 804 827 eloquentiam
827 753 860 808 iu
878 753 1058 824 Philosopbo,
1070 773 1130 824 uon
1146 771 1277 828 magno-
1321 795 1322 800 κ

201 839 272 896 pere
287 823 461 880 desiderare.
505 825 617 876 Fatetur
639 839 707 876 sane
732 819 845 888 Cicero,
870 838 963 892 posse,
976 819 1031 877 hoc
1051 821 1125 890 fieri,
1152 841 1220 878 non
1244 833 1278 878 ut
1321 827 1322 890 i

202 891 309 966 aliquis
323 901 399 948 recte
416 889 528 958 sentiat,
546 907 641 970 neque
659 897 848 968 tamennrecte
867 889 988 979 cogitata
1004 891 1091 1010 polite
1106 893 1277 965 eleganter·
1321 941 1322 966 ,

202 977 260 1034 que
278 958 374 1032 eloqui
391 957 488 1030 possit.
507 958 674 1022 «Sedadem
690 957 739 1010 ille
756 975 788 1012 ru
804 955 895 1027 prima
914 961 1002 1028 lusce
1016 976 1085 1024 aua,
1103 956 1187 1024 rubet
1204 977 1276 1028 eum

202 1023 393 1088 ascribendo
418 1023 575 1094 abstinere,
599 1034 643 1092 et,
669 1023 719 1098 qui
741 1021 922 1096 cogitationes
947 1043 1012 1080 suas
1035 1025 1124 1081 literis
1139 1027 1274 1095 mandet,

130 1103 132 1108 “
201 1111 257 1152 uec
274 1091 459 1154 delectatione
472 1093 567 1168 aliqua
577 1093 690 1146 allicere
701 1094 836 1147 lectorem
847 1092 950 1163 possit,
969 1111 1035 1146 eum
1047 1093 1275 1164 intemperanter
1321 1109 1322 1186 q

201 1159 282 1218 abuti
299 1161 356 1218 otio
374 1171 402 1219 et
418 1161 521 1229 literis,
540 1170 627 1232 putat
669 1161 767 1233 Neque
784 1175 837 1231 ego
856 1157 986 1217 dubitem
1002 1159 1183 1216 subscribere
1202 1179 1274 1216 sen-

200 1229 305 1286 tentiae
317 1229 479 1296 recolenti,
498 1227 699 1301 elegantissimi
710 1227 864 1283 doctissimi
895 1245 921 1282 re
935 1229 1011 1297 Viri,
1029 1227 1079 1302 qui
1097 1229 1272 1300 elegantiam
1321 1239 1322 1312 t

201 1296 337 1364 orationis
356 1307 385 1352 et
402 1295 598 1378 cogitationem
615 1297 686 1350 adeo
704 1305 779 1350 arcto
795 1247 911 1351 vinciio
928 1305 1008 1366 putat
1024 1293 1223 1366 conjunctam,
1241 1308 1272 1352 ut

199 1374 301 1421 neutra
318 1382 381 1420 esse
400 1381 461 1420 sane
481 1357 686 1434 alterapos'sit,
708 1363 814 1442 illeque
836 1366 966 1436 neglecta
990 1363 1066 1418 haec
1078 1381 1198 1440 quoque
1216 1383 1270 1420 ne·
1321 1369 1322 1438 3

198 1433 321 1500 cessario
332 1443 436 1502 pereat.
471 1434 542 1488 Nam
558 1431 583 1486 si
599 1431 663 1506 quis
680 1448 808 1494 omniumr
824 1433 986 1488 seculorum
998 1441 1141 1502 percurrat
1153 1451 1269 1488 memo-
1321 1449 1322 1458 ¹

198 1500 287 1567 riam,
310 1500 379 1554 inde
401 1499 437 1554 ab
462 1500 595 1555 inventae
619 1497 816 1568 Philosophiae
842 1497 1017 1570 temporibus
1039 1517 1070 1552 re
1090 1509 1189 1556 etens:
1222 1501 1268 1556 in-
1321 1551 1322 1560 ,

199 1567 297 1624 veniat
314 1567 453 1637 prolecto,
471 1567 639 1639 elegantiam
656 1565 797 1650 cogitandi
816 1582 882 1620 cum
899 1567 1038 1640 elegantia
1075 1567 1221 1623 asserendi
1236 1586 1267 1624 ac

198 1627 345 1694 sciibeudi
364 1645 392 1688 et
408 1635 559 1701 exstitisse,
577 1644 606 1688 et
621 1650 743 1689 movisse
761 1644 789 1689 et
804 1627 932 1705 periisse.
969 1635 1025 1689 Sed
1037 1633 1117 1690 *hanc
1135 1635 1265 1708 disputa-

198 1701 308 1769 tionem
325 1701 357 1757 in
374 1699 451 1756 aliud
470 1712 582 1773 tempus
599 1701 770 1758 differemus.
910 1763 914 1772 ⁵

162 1828 165 1838 ¹
208 1811 213 1832 ‚
248 1769 410 1842 ‚Cogitanti
427 1779 522 1824 autem
537 1769 622 1838 milri,
641 1787 714 1851 quae
730 1787 775 1825 res
791 1769 915 1824 maxime
933 1767 1029 1838 iaciat,
1048 1779 1180 1890 utquam
1194 1771 1252 1839 sint,

198 1837 252 1914 qut
268 1837 406 1906 derebus
423 1837 557 1907 aliis‚,de
572 1835 633 1907 jure
651 1835 791 1917 inprimis,
810 1847 838 1891 et
847 1836 978 1906 historia,
998 1836 1085 1908 proba
1108 1833 1179 1894 iliter
1186 1839 1249 1894 scri-
1321 1883 1322 1904 ,

197 1905 283 1974 bant,
302 1915 397 1960 umen
433 1904 482 1980 qui
502 1905 574 1973 siut,
595 1915 699 1962 nostras
718 1903 847 1976 inpermis
864 1903 1054 1980 temporibus,
1078 1906 1115 1960 de
1133 1905 1250 1960 Philoso-

191 1974 268 2100 phia
293 1983 320 2028 et
342 1947 462 2030 Mathesi
483 1973 569 2028 latine
594 1973 689 2044 scripti
706 1971 787 2040 libri,
814 1983 943 2042 veterum
964 1973 1118 2044 rationem,
1143 1974 1174 2029 in
1188 1973 1256 2028 scri-

221 2041 287 2100 eudi
299 2059 417 2114 genere,
436 2041 507 2096 adeo
525 2039 670 2109 deserant,
687 2040 749 2096 visa
765 2049 808 2098 est
825 2039 918 2097 omnis
935 2041 994 2096 lere
1010 2059 1095 2100 causa
1109 2060 1146 2096 ex
1158 2041 1258 2096 scholis

196 2109 366 2178 arcessenda
381 2124 453 2166 esse.
488 2111 571 2176 Nam,
585 2107 615 2180 ‚si
634 2107 697 2182 quis
714 2109 783 2163 velit
800 2109 936 2180 pueritiae
946 2117 1072 2180 repetere
1082 2109 1254 2178 memoriam,

198 2187 241 2246 ot,
257 2195 338 2251 quos
362 2187 490 2232 veterum
506 2175 594 2232 libros
614 2175 787 2247 interpretati
798 2176 883 2250 sint,
900 2189 972 2250 quos
987 2186 1085 2232 nactus
1103 2187 1175 2245 erat,
1199 2193 1256 2230 ma-

115 2303 117 2308 ,
196 2245 290 2320 gistri,
317 2262 388 2318 quos
408 2246 545 2318 legendos
565 2243 773 2315 proposuerint,
795 2243 954 2300 recordari:
974 2239 1109 2314 reperiet,
1133 2262 1183 2300 eos
1207 2242 1260 2300 sibi

197 2331 250 2386 pro
270 2311 369 2380 ositos,
396 2322 423 2367 et
445 2332 461 2367 a
484 2330 515 2368 se
534 2314 621 2368 lectos
644 2326 718 2380 esse,
745 2310 794 2385 qui
813 2330 927 2384 parum,
952 2322 999 2366 aru
1017 2311 1089 2366 nihil
1106 2311 1260 2382 adjumenti

197 2379 235 2440 ad
251 2331 328 2436 hene
345 2391 373 2434 et
390 2380 478 2452 polite
495 2381 531 2434 de
549 2377 634 2438 rebus
672 2379 854 2450 hilosophicis
873 2389 900 2434 et
916 2379 1119 2434 mathematicis
1130 2375 1260 2435 scribeu-

197 2445 268 2506 dum
291 2446 400 2504 adferre
424 2457 549 2519 possent.
590 2397 757 2518 eniienim
796 2457 843 2502 aut
860 2457 1011 2522 quantum,
1038 2447 1073 2501 de
1090 2458 1187 2504 mente
1203 2447 1261 2501 hu·

195 2532 296 2584 mana,
315 2516 351 2572 de
370 2514 590 2585 ratiocinationis
606 2512 730 2587 legibus,
751 2488 789 2570 <ie
804 2517 881 2583 Deo,
902 2515 938 2570 de
955 2516 1057 2569 virtute
1075 2525 1102 2570 et
1118 2515 1203 2584 vitio,
1224 2515 1262 2569 de
1321 2543 1322 2548 =

194 2601 293 2653 aarum
307 2594 408 2638 natura
446 2585 482 2640 de
502 2583 628 2644 numeris
646 2591 674 2636 et
689 2581 800 2656 figuris,
829 2585 970 2657 eleganter
988 2583 1138 2654 scripturos
1160 2581 1262 2652 juvare

159 2675 170 2688 ⁴
217 2650 302 2720 atem,
326 2653 401 2706 Phae
421 2669 497 2721 rum,
520 2650 700 2718 Terentium,
727 2653 875 2722 Nepotem,
902 2649 1062 2719 Caesarem,
1084 2649 1260 2717 Sallustium,

194 2669 325 2788 bivium,
343 2719 509 2792 Virgilium,
527 2718 675 2786 Ovidium,
695 2715 894 2792 Ciceronisque
913 2719 1051 2790 Epistulas
1068 2728 1093 2770 et
1108 2717 1260 2773 Orationes
1321 2771 1322 2784 ,

195 2787 233 2842 ali
275 2795 305 2842 ot
315 2787 441 2860 legisse?
459 2787 535 2860 quod
554 2786 670 2860 quidem
682 2785 767 2844 etiam
777 2786 1026 2842 Grammaticorum
1037 2783 1263 2858 Criticorumque
1321 2801 1322 2846 t

194 2805 350 2916 mriiiorum
376 2857 505 2926 exempla
527 2855 682 2922 declarant,
708 2853 775 2930 μή,
808 2861 873 2908 cum
899 2855 934 2908 de
954 2851 1040 2909 rebus
1063 2851 1263 2930 grammaticis,

141 2951 144 2956 ·
194 2921 311 2990 criticis,
329 2921 482 2988 historicis,
498 2923 644 2994 eleganter
661 2871 800 2989 scrrbaht,
820 2921 855 2976 de
873 2919 958 2978 rebus
972 2917 1192 2993 philosophicis,
1212 2931 1270 2996 aut¹

194 2989 399 3060 maltirematicis
423 2989 593 3057 scribentes,
616 2988 705 3058 nibil,
750 2989 806 3045 arod
823 2992 934 3060 placere
951 2990 1053 3061 pessit,
1072 2987 1204 3042 afl'erunt:
1232 2988 1262 3042 id

194 3058 276 3134 quod
291 3075 327 3111 ex
345 3076 380 3114 eo
397 3056 694 3132 temporein'valuisse
712 3007 844 3126 aihitror,
864 3076 921 3134 quo
940 3055 1024 3129 hujus
1041 3055 1152 3131 generis
1161 3055 1262 3112 homi-

204 3147 224 3210 't
286 3145 304 3160 f
420 3147 447 3192 't
536 3141 539 3148 ’
939 3155 941 3164 u

205 3255 207 3265 ι
252 3227 336 3286 Neque
358 3241 403 3284 ego
421 3247 453 3260 -
473 3227 737 3284 necessarie-perena]
768 3226 893 3284 Ancipites
913 3218 1161 3284 profectobaeremus
1184 3225 1260 3271 cleiis

33 3279 34 3282 ’
112 3301 115 3306 ·
193 3277 373 3329 Ῑιυοίοἰαῒί
393 3284 472 3328 verbis
496 3283 637 3335 efferendis,
660 3285 690 3330 sti
712 3296 770 3340 qum
790 3285 916 3328 Ernestius
935 3285 1147 3327 nostervtlistincte
1167 3280 1210 3327 bic
1225 3297 1259 3328 re·

194 3341 319 3396 sperante
341 3354 354 3384 a
373 3340 478 3397 specioso
501 3345 578 3383 tamen
597 3339 723 3384 multorum
745 3339 849 3384 locorum
865 3339 946 3384 simile
961 3340 1086 3396 quidquem
1100 3338 1256 3384 redolentior

193 3409 290 3442 numero
311 3398 357 3440 diro
376 3397 524 3454 potissimum
544 3395 603 3439 hanc
624 3397 650 3440 in
669 3402 757 3454 partem
779 3396 972 3441 commemorandi
993 3397 1060 3440 nobis
1080 3396 1221 3449 vitientur,¹
1237 3398 1256 3440 is

63 3445 65 3452 ¹
133 3499 135 3505 ,
192 3455 247 3510 ipso
271 3454 418 3500 Orationem
436 3452 507 3497 illius
526 3451 646 3497 volumine
668 3465 739 3509 supra
751 3454 801 3508 jam
816 3453 926 3505 laudato,
949 3465 1021 3508 eoque
1035 3449 1138 3508 ‘Lipsiae
1154 3455 1222 3497 ries.
1238 3457 1258 3497 t·

192 3509 258 3556 inter
274 3509 516 3562 unshatcsrulgato,
537 3509 671 3564 conspicuis
691 3523 788 3566 quorum
804 3510 864 3554 alter
877 3511 904 3554 in
925 3509 1031 3553 oratione
1044 3509 1257 3564 praestantissime,

193 3568 233 3610 uui
248 3567 400 3610 inscribiture
425 3566 530 3620 „Pueris
550 3566 580 3608 ad
596 3565 693 3609 latinam
708 3565 864 3624 eloquentiam
884 3565 1040 3609 informandis
1060 3570 1129 3608 nocet
1143 3563 1256 3608 librorum

192 3624 281 3680 copis“
297 3624 406 3678 'peg.25.
429 3624 463 3667 ita
483 3626 592 3678 apparete
619 3621 677 3674 „sit
697 3625 773 3666 oratio
793 3623 901 3667 sublimis
922 3627 946 3666 et
966 3626 1120 3675 exaggerata,
1143 3623 1178 3666 sit
1192 3631 1253 3670 vera,
1321 3609 1322 3660 i

192 3681 228 3724 sit
241 3681 334 3734 gravis,
355 3680 389 3722 sit
402 3678 504 3732 callida,
527 3679 561 3721 sit
575 3679 698 3722 verborum
714 3693 741 3722 ac
755 3681 923 3723 sententiarum
938 3677 1036 3722 floribus
1051 3677 1219 3722 refertissimae
1234 3675 1256 3718 si

192 3739 259 3780 earet
278 3735 460 3793 perspicuitate,
482 3746 540 3791 quae
562 3737 638 3791 prima
658 3741 695 3780 est
715 3737 809 3779 dicendi
827 3737 918 3787 virtus,
940 3749 983 3779 nee
997 3736 1022 3778 iu
1036 3733 1124 3778 animos
1139 3734 1260 3778 bominum

173 3792 1263 3904 <ttttttliactt‘istitctjtactuiutitatis}etttticil'ttctctz

125 3903 139 3920 “’
192 3905 337 3949 verberum*
353 3917 407 3961 pag.
420 3910 455 3950 55.
477 3903 521 3950 laec
535 3909 616 3950 tenore
636 3907 761 3960 conceptus
776 3903 878 3958 legitera
893 3905 939 3957 „st
955 3906 1068 3949 vitiosum
1084 3907 1134 3955 est,
1150 3904 1265 3947 suaviter

175 3965 218 4004 'et
231 3969 355 4005 numerose
370 3963 461 4014 dicere,
483 3963 621 4006 emendetur
637 3961 690 4005 bine
706 3962 802 4014 Cicero,
826 3962 893 4015 eujus
909 3964 1027 4011 orationes
1048 3960 1143 4018 aliquae
1163 3961 1265 4004 suavis-

192 4018 266 4064 siaase
281 4021 343 4060 totae
359 4024 428 4072 aunt,
449 4032 475 4062 se
491 4032 563 4075 pseue
577 4018 731 4070 haereticae,
747 4023 838 4062 ceterae
854 4019 934 4062 variae
948 4031 1076 4074 magnaque
1092 4019 1130 4060 sui
1144 4020 1215 4072 parte
1233 4016 1265 4058 erl

192 4072 372 4126 delectationen
391 4078 543 4132 conpositae.
575 4074 657 4119 Cicero
672 4078 765 4118 autent
788 4075 934 4118 inundetur
947 4074 1083 4130 eloquentie
1098 4075 1165 4130 ipss,
1188 4085 1265 4129 quse,

191 4131 240 4176 nisi
259 4129 387 4187 splendida
407 4134 526 4186 est„uisi
546 4137 634 4184 comta,
656 4132 703 4174 nisi
724 4130 832 4186 elegans,
854 4132 900 4176 uisi
916 4133 1021 4175 numeris
1041 4131 1148 4188 perfecte
1161 4132 1188 4172 et
1203 4141 1264 4183 con·

191 4186 430 4290 ἓίιίιιέιοέῗᾳιιοιιῐίι
449 4201 497 4234 nou
516 4191 565 4242 est,
586 4189 629 4233 sed
648 4187 771 4233 incondite
790 4189 910 4246 quaedam.
921 4189 1057 4244 etiugrata
1071 4186 1191 4286 ΙοῳιοιιᾱᾮίΓ
1203 4199 1264 4242 pro·

212 4257 256 4290 ueu
294 4275 300 4289 .
1194 4271 1200 4284 .
1321 4257 1322 4260 ¹

320 4460 324 4488 i
