2658 4916
547 340 596 410 83

77 503 211 581 immons
222 501 508 580 iliadaabrarerlt,
529 505 564 566 in
577 503 679 566 ndens
691 501 885 568 deuribenda
897 509 1110 589 dionantirprr

76 591 158 652 adbuc
179 591 351 664 commorari,
384 609 490 668 operae
513 591 641 666 pretium
666 590 759 668 duoo;
794 609 890 672 neum
910 596 1017 655 melius
1031 575 1108 658 buia

70 678 201 758 proposito
214 695 258 734 rna
271 673 485 736 satisfacturum
497 675 643 748 arbitror,
665 677 797 748 sialiter,
818 687 851 736 ut
865 679 943 736 aliur
957 679 1108 756 eujusdam

68 781 158 850 pmsus
173 761 383 833 eouemnentir,
403 761 508 837 prioris
526 762 593 818 oevi
608 757 762 821 historiam
776 762 954 822 litterariam
969 773 1107 840 opertan-

65 849 117 920 tis‚
141 841 301 906 memoriam
318 845 474 914 lectoribus
499 846 688 904 resuscitem:
720 863 777 923 quo
801 849 931 924 apertius
956 845 1107 924 doceatur,

62 935 170 995 iteratis
183 941 293 990 tanturn
303 929 413 990 vicibus
427 929 504 990 idern
517 928 592 988 illud
605 931 718 990 malurn
726 929 868 1005 rediisse,
890 931 967 1010 quod
980 937 1105 1012 assJores

60 1021 173 1095 jamjam
192 1017 293 1074 aeriter
311 1013 443 1074 turbauit.

45 1145 47 1148 -
141 1099 256 1163 Etenim
271 1101 370 1160 saeculi
386 1098 494 1158 decimi
511 1097 608 1158 nutari
625 1095 739 1160 duabus
757 1100 855 1158 tertiis
870 1100 1005 1174 partibus
1015 1119 1106 1180 propa

64 1187 257 1262 praeterlapsis
275 1187 304 1244 in
320 1183 475 1244 Germania
492 1193 611 1254 nostra,
640 1182 712 1240 belli
731 1187 913 1262 septennalis
932 1190 1105 1248 recentissi-

60 1274 117 1330 mis
132 1271 287 1340 volneribus
301 1279 366 1329 tuno
384 1270 518 1349 graviter
532 1269 683 1345 perculsa,
704 1265 838 1332 borsines
853 1269 971 1346 quidam
987 1272 1105 1332 umbra..

62 1356 216 1429 ticieopita
231 1363 396 1427 eretemnt,
418 1354 468 1430 qui
484 1371 601 1412 omnem
615 1350 773 1412 humanam
785 1355 961 1440 sapientiam
974 1359 1105 1432 ejurasse

60 1439 152 1499 sideri
168 1441 283 1511 vellent,
309 1439 359 1518 qui
378 1439 554 1496 commercia
572 1438 649 1499 coeli
663 1441 830 1514 jactarent,
858 1441 1001 1516 quinon,
1028 1441 1105 1520 quod
1221 1477 1233 1486 -

58 1533 125 1592 ante
154 1521 236 1600 pedes
270 1531 361 1596 esset,
382 1520 538 1594 viderent,
576 1519 629 1579 sed
663 1523 762 1580 lutura
796 1523 1018 1600 praedicerent,
1055 1527 1106 1604 qui

55 1605 255 1668 lobannearam
271 1609 486 1668 revelationum
503 1606 614 1665 librum
625 1605 733 1684 ubique
752 1609 784 1666 in
795 1608 930 1668 manibus
943 1607 1105 1682 baberent,
1222 1638 1227 1650 .

54 1687 239 1771 explicarent,
276 1702 306 1750 et
340 1693 464 1752 somniis
493 1693 555 1750 suia
585 1691 735 1751 illustrare
767 1703 962 1774 conarentur,
998 1697 1105 1774 quique

50 1777 152 1836 exinde
171 1777 454 1856 Apocolppticorum
475 1773 726 1856 Philosophorum
741 1791 849 1836 nomen
867 1776 1105 1842 baudiuunerito

45 1865 214 1937 acciperent.
255 1861 424 1941 Singularis
450 1863 582 1938 insama
598 1859 681 1920 furor
697 1870 728 1920 et
749 1860 866 1920 morbus
885 1865 1002 1943 ingenii
1022 1874 1105 1924 este.
1153 1909 1160 1926 .
1186 1887 1189 1898 ’

37 1966 97 2004 nus
124 1948 291 2022 praesertim
318 1947 514 2022 perniciosum
543 1963 609 2004 sese
636 1943 792 2018 exhibuit,
823 1957 969 2025 quatenus
987 1952 1103 2027 spretis

44 2033 201 2090 verissimis
232 2029 383 2089 doetrinae
414 2039 446 2102 et
473 2030 637 2104 sapientiae
663 2029 875 2104 adminiculis,
909 2051 961 2092 aua
987 2042 1105 2094 tantors

42 2117 113 2186 ria,
139 2113 199 2172 boe*
213 2124 276 2188 est,
303 2131 322 2172 ιι
345 2115 461 2172 ratione
488 2123 517 2172 et
538 2131 594 2174 usu
613 2117 931 2198 praestantissimorum
952 2116 1105 2178 hominum

45 2199 135 2276 longe
151 2200 262 2270 aliena,
283 2201 414 2279 grassari
430 2199 535 2256 solitus
550 2207 604 2258 est.
638 2197 786 2277 Undique
803 2219 838 2258 ee
849 2201 1009 2275 corripuit,
1030 2187 1104 2277 {puae

44 2281 230 2359 procreandis
248 2293 275 2340 et
291 2281 459 2344 nutriendis
474 2283 652 2364 imaginibus
666 2283 806 2360 jocundio
822 2288 1104 2360 ctqnapcrtcntosis

44 2369 241 2437 inservirent,
264 2361 424 2445 aususque
449 2369 492 2425 ita
515 2368 687 2440 allicerent,
715 2377 749 2428 ut
777 2367 813 2424 ob
841 2365 888 2428 bis
915 2371 1006 2428 etiam
1022 2369 1103 2446 judi.

43 2451 132 2509 cundi
159 2451 280 2510 facultas
307 2455 401 2512 omnis
429 2451 576 2529 penderet.
621 2451 705 2519 Quod
729 2454 888 2524 memoria,
921 2453 1050 2518 lectione
1074 2465 1104 2514 et

16 2551 17 2557 ’
39 2537 168 2596 infinitis
182 2539 346 2598 litterarum
360 2537 465 2596 studiis
481 2547 679 2612 comparetur,
702 2537 733 2596 id
754 2557 787 2596 se
800 2537 987 2616 indignum„
997 2540 1102 2598 nimis-

35 2640 94 2698 que
118 2621 231 2680 aridum
251 2631 281 2680 et
302 2621 411 2680 humile
431 2623 598 2698 appellans,
617 2625 716 2680 ,unice
736 2617 834 2698 potins
856 2625 888 2682 in
909 2625 1106 2698 comparando
1217 2671 1221 2676 .

32 2703 159 2781 quodam
174 2717 205 2763 et
220 2705 389 2766 extollendo
406 2701 591 2785 φαντασίας
604 2703 755 2782 aedilicio,
766 2719 767 2722 ’
778 2707 854 2786 quod
872 2707 1040 2768 aethereum
1056 2709 1106 2780 di-

34 2809 102 2846 cere
131 2792 243 2864 possis,
275 2803 410 2850 versatus
437 2802 492 2850 est.
536 2791 610 2852 Nam
641 2793 791 2854 subtiliter
821 2793 980 2852 scrutando
1005 2813 1104 2854 rerum

33 2893 138 2956 causus
167 2887 196 2934 et
221 2877 367 2949 latebras,
397 2897 458 2935 non
481 2893 516 2936 ea
537 2879 568 2936 in
589 2878 866 2952 luoemproduoere
887 2877 1001 2938 studuit
1022 2897 1104 2936 error

33 2960 89 3014 ille
118 2958 283 3032 fanaticus,
309 2980 382 3038 quac
410 2963 528 3020 ratione
556 2969 586 3022 et
611 2964 796 3040 experientia
822 2961 945 3020 ducibus
973 2963 1107 3021 inveniri

32 3052 163 3118 queant,
185 3045 251 3117 sed,
291 3063 345 3102 uae
362 3045 424 3107 vsibi
443 3048 572 3104 maxime
593 3047 773 3118 arriserunt,
802 3047 834 3102 in
854 3064 889 3100 eu
908 3047 973 3102 loca
991 3045 1105 3110 inferre

32 3127 169 3201 studuit,
189 3121 239 3186 ubi
255 3063 302 3186 ab
318 3120 507 3190 acutissimus
521 3133 567 3190 nil
583 3133 648 3188 tale*
658 3128 744 3200 vidit.
787 3125 860 3184 lnde
877 3130 1025 3186 contraria
1041 3132 1107 3202 ipse

28 3211 230 3270 audacissime
242 3217 442 3293 commiscuit,
460 3215 587 3300 orbcque
601 3214 752 3272 sublunari
764 3211 886 3282 relicto,
904 3213 935 3271 in
948 3214 1104 3292 geniorum

25 3289 236 3378 intermundia
262 3297 413 3370 ascendit,
440 3300 589 3376 ipsumque
615 3298 690 3356 adeo
709 3295 767 3354 Dei
795 3295 894 3354 sedem
918 3297 1108 3376 ingrediens,
1195 3314 1199 3322 ’

26 3383 133 3438 omnia
153 3383 218 3440 illio
239 3394 299 3444 tam
321 3385 475 3458 perspicue
497 3375 683 3442 intellexisse
705 3381 764 3441 sibi
782 3384 863 3438 risus
883 3389 948 3450 est„
978 3389 1011 3438 ut
1031 3378 1107 3438 haec

24 3464 139 3523 deinde
156 3470 266 3526 ceteris
283 3467 457 3526 mortalibus
476 3486 611 3526 enamnre
622 3468 771 3546 ¹gestiret,
792 3461 902 3532 ¹(inum
918 3473 1016 3525 aunem
1034 3481 1103 3522 seni.

21 3554 138 3610 tentiae
166 3571 229 3610 non
248 3551 360 3632 planas
386 3561 474 3628 utque
502 3554 665 3632 genuinus,
694 3550 746 3624 sod
771 3549 960 3608 eminentiori
981 3547 1105 3626 quadam
1190 3563 1194 3576 ·

15 3635 66 3692 sni
98 3645 192 3714 parte
224 3640 390 3720 amoses,
418 3655 479 3702 non
505 3655 585 3695 seros
615 3633 789 3712 prudentiae
818 3633 951 3705 fruetus,
979 3633 1037 3694 aad
1058 3636 1103 3692 le-
1162 3639 1164 3644 '
1220 3641 1222 3644 ’

14 3721 152 3778 sissima
172 3730 290 3780 tantum
308 3722 534 3799 imaginationis
552 3730 689 3795 portenta
703 3725 937 3792 consectaretur:
971 3709 1108 3793 impensi

14 3803 204 3875 plebeculae
228 3808 415 3882 minutisque
431 3807 561 3886 ingeniis
585 3807 708 3886 inventu
732 3821 783 3862 sua
806 3799 882 3861 band
905 3804 1015 3884 exiguo
1036 3823 1110 3863 ιιιιο-Ι

14 3907 101 3948 sessu
134 3889 366 3969 commendauit.
444 3939 446 3945 .
582 3909 603 3930 ι·
660 3921 662 3924 ·
786 3935 787 3940 1
882 3939 884 3946 .
922 3947 948 3956 ,,

102 3972 321 4050 Nihilominus
356 3983 469 4032 tantam
504 3975 655 4032 licentiam
686 3973 834 4033 fanaticae
863 3970 933 4050 huie
960 3974 1105 4032 insaniae

14 4062 181 4136 propriam
199 4059 431 4117 tolerabiliorem
448 4068 554 4118 «temen.
572 4057 665 4128 luisse
681 4056 811 4128 dixeris,
838 4055 975 4134 quansdin
994 4075 1011 4112 a
1031 4059 1108 4114 reli-1

15 4146 115 4222 sione
143 4153 179 4200 et
197 4139 291 4216 sacrifi
313 4143 538 4200 contrectandis
553 4143 815 4220 aiisilteruperavit.
859 4141 966 4201 Verum
987 4141 1037 4214 ub,i
1055 4139 1108 4200 bis
1158 4182 1160 4187 ,

15 4247 145 4308 suoque
165 4231 297 4304 impuros
318 4230 408 4307 ignes
427 4227 576 4300 admovit,
602 4228 697 4308 multo
714 4230 839 4305 majores
859 4228 964 4288 turbae
982 4233 1104 4286 exortae

810 4343 813 4351 r
851 4325 896 4385 60
1074 4325 1075 4328 ’
1107 4321 1109 4326 ’
