2736 4912
725 353 825 448 „rs
891 391 898 396 -

241 505 450 604 compendia,
471 517 519 584 uti
533 513 635 604 vulgo
647 503 823 599 vocantur,
844 524 878 580 et
898 511 956 580 aiil
972 511 1048 580 libri
1069 527 1315 601 processerunt,

239 609 275 670 in
302 601 418 690 quibos
448 623 514 668 non
541 601 662 668 Latina
693 599 826 686 lingua,
859 600 914 664 sed
943 599 1118 684 peculiaris
1146 602 1316 686 quaedam

240 691 401 767 austeris,
435 686 545 750 latinis
574 685 756 765 litterarum
784 683 901 770 figuris
930 707 1107 772 expressa,
1129 687 1314 770 reperitur.

239 769 370 838 livero
392 791 457 836 non
475 771 604 850 vident,
625 770 705 870 hoc,
727 771 813 856 quod
833 791 855 831 a
872 768 1162 833 Grammaticorum
1184 769 1317 857 regulis

142 887 145 892 ·
240 858 412 940 recedunt,
440 852 773 942 insignemaliquam
795 851 1039 940 ambiguitatem
1068 856 1224 936 inducere
1252 879 1319 922 ne-

241 943 487 1024 cessitatemque
499 943 665 1024 imponere
680 943 737 1017 iis,
760 941 816 1023 qui
836 935 918 1011 tales
940 937 1041 1004 libros
1063 939 1175 1024 legere
1190 939 1314 1021 ¹velint:

241 1027 361 1090 nouam
382 1024 505 1089 scilicet
526 1021 674 1110 lingnam
695 1024 862 1108 scriptoris
883 1024 1040 1088 discendit
1081 1023 1215 1105 Possem
1237 1028 1316 1109 ejus

188 1139 191 1144 ·
239 1113 291 1176 rei
316 1109 665 1194 innumeraexempla
694 1111 829 1187 efferre,
858 1129 957 1192 quam
984 1111 1102 1174 misere
1128 1109 1316 1194 depravata

211 1233 213 1240 r
240 1197 308 1260 siut
328 1193 482 1281 pleraque
504 1193 746 1278 antiquissimae
760 1206 794 1256 et
807 1214 927 1256 aureae
943 1195 1059 1258 aetatis
1072 1191 1190 1272 rerba,
1211 1215 1314 1280 quem

240 1283 350 1366 inepte
372 1301 460 1344 nova
481 1291 513 1344 et
532 1279 692 1344 inaudita·
704 1281 834 1342 nomina
852 1280 1044 1363 excogitata
1066 1281 1147 1354 sint,
1169 1280 1233 1340 nisi
1253 1301 1314 1342 ve-

184 1373 187 1388 '
240 1387 348 1445 rerer,
377 1386 418 1430 ne
445 1363 527 1428 haec
554 1365 817 1444 commemoratio
839 1361 922 1426 forte
944 1364 1087 1427 taedium
1106 1361 1247 1426 allatura
1269 1365 1315 1426 sit

240 1451 299 1530 iis,
328 1443 446 1534 quibus
468 1448 548 1511 haee
570 1450 702 1532 ommno
728 1466 793 1532 nqn
818 1443 958 1530 placent.
1006 1445 1043 1511 Id
1073 1461 1182 1512 tamen
1205 1451 1314 1512 mani-

68 1599 72 1609 ,
241 1534 359 1598 festum
380 1547 447 1610 est,
473 1553 548 1596 eam
569 1531 696 1596 dicendi
720 1529 945 1616 scribendique
962 1529 1129 1596 levitatem
1149 1529 1312 1617 ambigui·

178 1638 180 1644 ’
241 1630 402 1702 talemque
420 1637 583 1700 nunquam
601 1629 790 1680 eventuram
807 1615 927 1694 luisse,
949 1617 994 1694 si,
1016 1619 1072 1700 qni
1090 1614 1212 1702 aliquid
1229 1619 1311 1680 seri·

241 1703 399 1787 psissent,
427 1704 576 1786 antiquos
593 1703 696 1764 secuti
714 1711 838 1764 esseut:
868 1721 941 1764 cum
962 1702 1055 1764 iniis
1075 1703 1154 1784 ipsis
1178 1704 1312 1766 nomina

184 1797 186 1804 '
241 1785 340 1850 rebus
365 1785 434 1851 lere
463 1783 611 1849 omnibus
639 1787 804 1870 aptissima
827 1786 973 1848 ineeoire
997 1784 1095 1851 facile
1118 1787 1311 1872 potuissent.

241 1868 328 1934 Nam
350 1869 602 1940 existimandum
623 1883 685 1948 est,
712 1871 747 1930 in
770 1868 910 1953 saeptis
927 1871 998 1932 istis
1016 1872 1208 1956 optimisque
1228 1874 1314 1935 sori·

241 1953 387 2038 ptoribus
403 1953 558 2038 pleraque
576 1955 708 2016 nomina
728 1954 903 2030 contineri,
930 1977 1014 2040 quae
1035 1951 1129 2018 multi
1147 1959 1314 2040 putentia

232 2040 283 2102 iis
301 2039 423 2102 frustra
442 2039 564 2126 quaeri
608 2038 771 2122 Siquidem
791 2035 948 2102 habentius
968 2059 1032 2105 non
1055 2038 1161 2105 solum
1179 2037 1312 2120 Poetae,

235 2121 417 2202 libatores,
438 2122 846 2208 HistoricosqueLatinos,
867 2124 926 2186 sed
943 2136 974 2186 et
983 2121 1215 2209 Philosophus,
1237 2121 1312 2188 Me-

241 2208 347 2287 dicos,
369 2205 617 2284 Mathematicus
637 2217 670 2270 et
687 2205 949 2300 Jureconspltos‚
972 2206 1126 2292 equibus
1147 2209 1230 2272 ratio
1248 2207 1311 2274 has

242 2305 330 2356 artes
356 2292 502 2355 tradendi
531 2292 612 2374 disci
639 2288 827 2375 planissime
855 2303 974 2376 posset.
1024 2292 1076 2356 De
1097 2291 1312 2378 Philosophia

243 2377 390 2461 quidem,
418 2395 515 2460 quem
537 2378 578 2440 ed
601 2375 731 2440 modum
746 2377 793 2440 'ee
809 2375 927 2441 debeat
944 2377 1063 2442 Latine
1083 2378 1184 2457 tradi,
1213 2399 1310 2463 prae·
1359 2405 1360 2432 t

242 2510 452 2537 ἡ
1148 2543 1155 2562 Ι
1358 2459 1359 2554 l

315 2610 387 2666 Nam
405 2610 616 2666 existimandum
633 2639 668 2652 -
681 2613 795 2696 portet]
824 2614 888 2668 Non
907 2618 951 2666 est
967 2611 1113 2684 prefecto,
1134 2609 1207 2680 quod
1223 2611 1306 2664 'usto

243 2681 374 2732 acerbius
392 2679 472 2749 loqui
488 2695 652 2745 vereamur,
676 2683 701 2734 si
718 2681 857 2750 plurimos
876 2698 990 2746 eorum,
1017 2684 1064 2750 qui
1083 2681 1204 2750 linguam
1250 2679 1309 2730 ati·

242 2765 307 2800 nam
325 2749 470 2816 puriorem
487 2750 577 2803 nostri
597 2753 734 2818 temporis
757 2752 855 2803 usibus
880 2751 963 2820 plane
985 2749 1202 2802 insufficientem
1225 2748 1311 2800 dixe-

241 2823 324 2881 runt,
350 2818 518 2885 perspicuae
537 2815 719 2885 antiquarum
735 2818 895 2872 litterarum
914 2820 1092 2887 ignorantiae
1109 2819 1207 2873 statim
1225 2833 1312 2869 accu-

242 2886 408 2942 sarerimus.
456 2885 570 2938 Revera
596 2887 674 2941 euim
699 2887 836 2942 illiberali
862 2886 913 2940 illo
941 2886 1096 2951 multorum
1128 2887 1313 2938 eruditorum

243 2954 372 3018 desidio,
406 2954 568 3020 continuam
597 2954 783 3014 diversissimi
811 2957 924 3025 generis
953 2956 1124 3022 scriptorum
1155 2954 1315 3008 lectionem

242 3022 349 3074 acriter
366 3027 531 3088 respuente,
551 3023 703 3090 praecipue
722 3022 853 3076 effectum
873 3031 932 3086 est,
950 3029 998 3088 ut,
1018 3023 1052 3076 de
1070 3024 1195 3092 purioris
1213 3021 1315 3072 latini-

242 3091 312 3140 tatis
326 3091 478 3152 exercitio‚
497 3090 526 3140 in
544 3092 717 3159 compendiis
730 3093 888 3146 scribendis
907 3093 962 3143 rite
980 3093 1037 3144 sibi
1054 3090 1238 3153 vindicando,
1258 3090 1316 3140 mi·

242 3171 306 3209 sere
325 3155 524 3225 desperantes,
550 3160 694 3226 acceptius
717 3160 789 3211 illud
814 3159 959 3214 vernaculi
976 3161 1115 3212 sermonis
1138 3158 1315 3228 obsequium

243 3231 361 3278 eatenus
380 3225 533 3294 defendere
557 3237 742 3292 conarentur,
768 3237 906 3297 quatenus
923 3229 1055 3281 Latinam
1075 3218 1201 3296 linguim
1219 3227 1317 3280 nimia

242 3294 395 3347 verborum
423 3295 677 3350 desiderandorum
703 3297 800 3364 inopia
823 3299 985 3367 depressam
1010 3294 1211 3350 vociferarent.
1255 3295 1315 3348 Res

241 3362 305 3430 ipsa
322 3378 391 3416 vero
416 3378 476 3433 quo·
495 3365 586 3430 magis
607 3364 638 3414 id
662 3361 790 3418 effecisse
808 3367 891 3418 nobis
914 3367 975 3418 visa
993 3371 1052 3428 est,
1076 3372 1108 3416 ut
1131 3363 1316 3431 compendiis

242 3431 372 3483 sermone
394 3446 465 3500 pure
483 3430 587 3482 Latino
606 3435 720 3500 scriptis
757 3431 819 3486 lane
837 3433 989 3487 hodienum
1009 3433 1248 3496 destitueremnr,
1279 3445 1315 3483 eo

244 3499 357 3568 dignior
376 3502 462 3551 etiam
481 3500 628 3566 apparuit,
648 3512 719 3567 quae
737 3449 820 3570 hujus
839 3503 990 3570 praecipue
1007 3500 1126 3557 effectus
1144 3515 1232 3552 causa
1251 3499 1316 3551 Err-
1356 3523 1357 3530 1

242 3568 344 3620 currui»
353 3569 582 3636 septimomostro
596 3569 769 3636 peculiarem
784 3569 902 3623 afferret
915 3569 1076 3638 exponendi
1088 3569 1250 3622 materiam.
1279 3569 1318 3622 V.

311 3651 356 3704 De
372 3652 552 3720 Philosophia
565 3653 674 3720 quidem
686 3683 720 3694 -
732 3655 862 3724 portent]
882 3657 997 3723 Optimo
1013 3658 1078 3726 Jure
1096 3661 1195 3706 auctor
1209 3659 1319 3705 noster.
1356 3663 1357 3676 ¹

137 3711 142 3730 ¹
243 3719 280 3788 td
297 3719 816 3791 Praeclarumssrnestiiexemplum
835 3721 1152 3792 provocavit,'dum'de
1164 3723 1201 3776 iis
1217 3722 1320 3788 dictu·¹
1356 3719 1357 3770 l

242 3805 292 3843 rus
315 3795 406 3860 esset,
432 3789 481 3856 qui
500 3804 547 3841 res
565 3791 656 3843 nostri
674 3794 738 3846 aevi
756 3791 966 3861 philosophicas
984 3791 1162 3862 pereleganti
1179 3790 1317 3842 latinita-
1356 3779 1357 3805 ¹

242 3857 281 3908 tis
307 3857 410 3910 decore
437 3873 539 3910 ornare
565 3861 778 3911 consueverint:
810 3861 967 3929 quicunque
994 3861 1068 3911 enim
1095 3859 1129 3910 ah
1154 3857 1240 3926 hujus
1271 3859 1319 3909 rei

242 3925 350 3990 peritia
365 3941 421 3976 non
440 3925 522 3992 plane
541 3924 747 3988 destituuntur,
766 3929 795 3979 in
814 3930 962 3981 verissimo
977 3929 1147 3982 conveniunt
1161 3925 1320 3978 Gesneri

240 3991 366 4061 judicio,
397 3989 459 4060 ipsa
482 3993 535 4045 illa
557 3995 695 4048 solidioris
720 3997 861 4050 doctrinae
880 3997 968 4050 initio
992 3997 1171 4054 llrnestiana¹
1186 4009 1320 4048 aureum

243 4061 412 4128 opusculum
427 4063 621 4130 praedicante,
640 4065 718 4131 quod
729 4065 765 4116 iis
779 4065 959 4118 ediscendum
971 4067 1026 4129 sit,
1045 4067 1093 4132 qui
1108 4061 1319 4130 philosophiae

242 4130 336 4187 veteri
359 4135 388 4191 et
411 4144 504 4194 novae
527 4131 570 4183 ita
592 4148 609 4184 o
631 4147 709 4184 eram
734 4133 803 4184 dare
827 4133 932 4198 vellat,
958 4140 990 4186 ut
1010 4149 1027 4186 a
1046 4133 1144 4186 Latini
1165 4131 1319 4186 sermonis

242 4197 368 4280 puritatp
387 4203 417 4249 et
434 4199 557 4272 naturali
574 4147 783 4268 pulchritudine
802 4217 856 4256 non
871 4198 1013 4257 recedant.
1050 4201 1127 4268 (Vid.
1141 4201 1186 4252 Jo.
1201 4197 1322 4253 Matth.'

244 4263 363 4318 Gesoeh
380 4263 470 4336 prael.
488 4268 526 4320 ed
543 4267 593 4321 loe
605 4269 717 4322 Vorstii
734 4269 800 4324 libr.
824 4269 859 4323 de
876 4269 1019 4325 latinitate
1037 4270 1145 4324 selecta
1160 4273 1197 4320 et
1218 4267 1320 4338 vulgo
