2658 4916
570 314 683 408 rat„
764 267 766 278 '
823 269 830 278 ’

58 493 131 536 mua
147 473 185 532 ad
201 489 252 532 ecs
268 471 465 548 providentiae
479 471 596 529 laudem
612 481 642 529 et
658 465 831 530 fortitudinis
848 473 966 548 gloriam
978 467 1042 532 esse
1054 469 1137 529 delat-
1176 493 1183 506 ¹

58 545 145 602 tam?
178 542 252 598 Belli
275 542 354 598 enim
377 539 627 612 temporeuliidem
646 542 683 596 de
704 542 772 597 sede
796 560 847 598 sua
869 541 1007 614 deiectam
1030 540 1137 598 obmu-

60 625 188 681 tescere,
206 611 348 665 Fraudem
360 619 459 665 contra
468 610 620 682 imperare,
639 627 738 665 omnes
750 611 937 666 consentiunt.
964 613 995 664 ln
1007 609 1137 668 omniunt

62 697 137 738 vero
154 689 212 735 tem
233 695 317 734 orum
333 677 462 745 historia,
484 677 540 741 ,etsi
558 675 594 732 ab
611 695 645 732 ea
662 678 889 733 stultissimorum
904 677 1054 733 homiuum
1071 693 1136 731 me-

62 749 158 808 moria
176 697 366 812 eatiemcura,
387 763 473 820 quam
486 745 756 816 sapientissimorum
769 755 911 814 servetur,
932 745 1034 802 frustra
1045 761 1137 800 unum

62 827 127 872 tam
144 817 273 898 ineptum
292 812 440 869 hominem
450 812 660 888 quaesiveritis,
677 812 729 936 qui
741 823 857 870 conatus
870 815 919 881 sit,
939 814 1138 885 imperatorem

63 901 104 940 eo
121 902 238 939 nomme
256 881 476 953 reprehendere,
495 882 572 955 quod
572 921 587 1001 ¹,
611 891 643 936 ut
660 900 676 936 a
713 881 831 938 insidias
848 881 943 938 hostes
961 881 1135 952 perduceret,

67 961 99 1006 et
116 970 148 1007 eo
164 951 252 1008 modo
270 949 380 1004 facilius
404 947 543 1018 vinceret,
584 965 668 1022 ugam
691 948 882 1018 simulaverat,
911 957 959 1004 aut
983 949 1018 1004 ad
1043 965 1137 1012 arcent

65 1019 236 1094 ,capiendam
257 1013 378 1206 ⁴perfidia
404 1033 516 1083 eorum,
548 1017 754 1138 apqineamdem
781 1017 936 1084 defendere
959 1015 1134 1096 debuissent,

70 1103 138 1144 usus
155 1096 222 1142 erat.
282 1085 326 1140 uis
342 1101 469 1159 unquam
486 1084 541 1139 hoc
618 1085 662 1140 ico
680 1084 746 1139 dauci
762 1085 832 1140 vitio
842 1093 958 1140 *vertere
973 1086 1091 1158 audeat,
1109 1101 1136 1140 st
1166 1111 1167 1119 ι

68 1156 102 1210 iu
118 1155 249 1210 dolosum
277 1169 373 1220 ocum,
401 1152 449 1210 cui
465 1151 579 1224 pyrium
595 1155 743 1223 pulverent
759 1163 954 1224 supposuerat,
985 1152 1136 1208 invitatum

66 1224 180 1279 hostem
198 1220 351 1277 sublimem
370 1220 527 1287 necaverit,
546 1220 725 1275 induciarum
742 1229 823 1292 pacto
840 1218 949 1276 bellum
960 1219 1135 1292 protraxerit,
1156 1259 1159 1268 .

65 1300 97 1346 et
113 1290 274 1346 cunctando
292 1305 337 1342 res
354 1305 419 1342 suas
436 1288 607 1343 restituerit?
633 1291 711 1360 Quae
729 1287 825 1344 omnia
839 1289 863 1344 si
881 1287 1051 1356 factasunt,
1071 1287 1137 1360 quis

66 1369 123 1425 est,
142 1357 213 1432 quin
229 1366 305 1412 recte
322 1354 393 1410 facta
409 1373 471 1410 esse
488 1356 641 1422 existimet,
660 1365 689 1410 et
700 1356 881 1426 imperatores
894 1373 929 1410 eo
941 1355 1057 1410 nomine
1069 1357 1135 1408 lau-

64 1425 137 1481 dare
153 1443 240 1500 quam
256 1423 464 1506 reprehendere
480 1423 577 1478 malit?
602 1423 705 1478 Videte
722 1425 828 1508 itaque,
855 1423 1022 1491 Auditores,
1048 1439 1136 1478 accu-

67 1503 193 1551 satorum
210 1492 253 1547 ini
295 1501 402 1558 atatem,
433 1493 484 1566 qui
501 1507 559 1546 non
582 1490 748 1568 erubescant
765 1509 796 1546 ιιι
813 1491 1015 1548 hisinvidtose
1031 1507 1136 1612 repre·

67 1561 195 1616 hendere
213 1577 245 1614 ea
269 1578 326 1628 em,
360 1559 488 1633 quaein
512 1558 574 1613 aliis
597 1561 725 1627 eiusdem
746 1559 805 1614 fere
833 1559 942 1631 generis
960 1557 1068 1616 homini
1091 1575 1134 1628 us,

70 1630 179 1684 soleant
194 1629 378 1683 vehementer
394 1627 519 1682 laudare.
553 1629 671 1682 Nullum
683 1637 725 1683 est
736 1627 793 1683 nisi
808 1627 863 1682 hoc
874 1627 996 1697 partium
1009 1627 1137 1694 studium

72 1705 122 1752 est.
155 1699 227 1750 lium
244 1713 393 1751 causarum
431 1696 521 1750 amoni
537 1694 645 1763 minus,
677 1713 763 1770 quam
785 1695 958 1748 exercituum
982 1694 1136 1766 imperato-

68 1769 129 1832 les,
159 1762 254 1820 bellici
273 1765 359 1819 duces
379 1711 555 1818 haireantur?
585 1771 730 1817 tantirmne
753 1760 863 1818 differat
883 1762 968 1817 aunis
985 1779 1022 1816 an
1038 1759 1136 1818 verbis

66 1840 221 1906 pugnetur,
253 1841 285 1886 ut
307 1831 433 1886 diversas
457 1832 569 1907 utrique
594 1828 664 1886 belli
689 1831 786 1903 generi
809 1832 887 1885 leues
910 1829 1080 1897 excooitare,
1108 1837 1136 1884 el

68 1897 205 1954 omnibus
221 1917 238 1953 a
255 1903 359 1954 Nauna
377 1898 470 1952 datam
487 1899 592 1955 fraudis
609 1909 785 1969 potestatem,
805 1875 867 1952 aliis
884 1873 1053 1965 concedere,
1072 1895 1135 1953 aliis

69 1957 210 2034 adimere,
229 1965 404 2022 debeamus?
428 1965 484 2020 Cur
499 1983 568 2022 vero
586 1985 733 2022 causarum
749 1966 874 2038 patronis
893 1981 996 2021 uenere
1014 1967 1136 2020 eandem
1170 2023 1173 2036 Ι
1235 1983 1236 1998 ¹

72 2029 231 2088 facultatem
247 2035 356 2102 velitis,
382 2051 473 2116 quam
490 2035 589 2090 ceteris
607 2033 821 2105 imperatoribus
837 2025 895 2088 tam
912 2009 1066 2089 liheraliter
1081 2031 1137 2088 tri-

69 2097 179 2154 buitis?
204 2103 353 2173 Quoniam,
377 2102 452 2168 artis,
482 2119 582 2157 carisae
605 2104 731 2158 forenses
753 2103 785 2158 in
808 2119 876 2173 pace
900 2111 1034 2174 agimtur,
1060 2116 1135 2174 quae
1174 2157 1177 2169 ,

5 2207 8 2214 .
68 2165 180 2222 fraudis
199 2167 341 2239 perfidiam
359 2169 542 2240 nonpatitur.
578 2168 716 2228 subtilem
727 2171 853 2242 profecto
866 2179 893 2224 et
905 2178 1015 2224 acutam
1028 2169 1134 2226 oratio-
1188 2203 1191 2212 ι

66 2233 154 2290 nem!
183 2236 268 2308 Igitur
286 2245 345 2310 stou
356 2237 442 2292 vultis
455 2238 608 2306 recordari,
627 2238 651 2294 si
667 2248 743 2292 extra
758 2239 917 2294 societatem
931 2237 1025 2310 vagari
1038 2235 1135 2291 homi-

13 2313 18 2320 '
67 2321 123 2358 nes
144 2321 230 2378 ςιιιιιι
246 2305 276 2359 in
292 2315 387 2360 coetus
401 2305 480 2361 coire
489 2307 665 2374 maluissent,
685 2307 767 2375 diros,
787 2305 824 2363 ob
835 2303 1008 2374 levissimam
1020 2321 1135 2360 oausam

68 2367 149 2424 bella
172 2381 295 2444 gesturos
317 2373 347 2430 vi
370 2383 396 2428 et
418 2373 503 2429 armis
526 2373 626 2442 fuisse,
653 2389 719 2428 cum
749 2391 833 2435 nemo
857 2383 905 2427 aut
928 2382 1063 2443 potestate
1086 2384 1136 2430 aut

71 2437 209 2510 dignitate
226 2441 351 2512 superior
368 2441 503 2510 affuisset,
544 2443 573 2496 ui
592 2443 768 2512 interponere
780 2441 915 2498 iudicium
927 2459 1010 2494 suarm
1022 2441 1134 2512 potuis-

72 2508 135 2584 set?
159 2508 207 2562 Αιι
224 2523 291 2564 vero
308 2509 508 2565 mansuetiores
524 2461 590 2565 iacti
608 2510 739 2566 homines
756 2527 877 2564 omnem
888 2510 1046 2563 facultatem
1063 2507 1135 2566 belli

69 2591 134 2645 jure
150 2573 286 2630 tributam
301 2575 471 2645 abjecerunt,
490 2578 562 2632 nihil
580 2587 690 2650 praeter
706 2577 829 2633 veritatis
844 2575 1000 2647 simplicem
1014 2576 1135 2632 facrdta·
1202 2611 1205 2628 .

69 2651 129 2696 tem
141 2644 280 2716 integram
291 2643 345 2699 sibi
358 2649 518 2701 servantes?
537 2649 571 2700 Et
583 2645 652 2722 quid
667 2645 768 2713 differt,
782 2643 878 2700 verbis
886 2663 922 2704 au
929 2645 1013 2699 armis
1021 2662 1135 2714 pugue-
1164 2639 1167 2654 '

67 2718 126 2778 tur,
155 2711 282 2765 lhrhruae
305 2715 382 2766 aleae
408 2732 445 2767 au
468 2711 570 2783 judicis
594 2713 749 2769 sententiae
772 2713 863 2768 exitus
884 2712 1076 2784 permittatur?
1102 2716 1135 2770 lu

67 2779 233 2858 trucidantis
250 2779 311 2835 istis
326 2781 441 2851 proeliis
459 2782 559 2850 vincit,
620 2782 628 2835 i
645 2780 753 2837 viribus
770 2792 798 2837 et
814 2780 960 2854 pugnandi
977 2789 1034 2834 arte
1047 2799 1134 2902 supe-

68 2861 126 2901 nor
142 2856 198 2914 est,
216 2846 247 2902 in
264 2847 314 2902 lite
332 2849 450 2916 forensi,
477 2851 526 2924 qui
545 2801 646 2906 caiiide
662 2867 723 2904 rem
742 2867 821 2905 suam
839 2849 1004 2915 defendere,
1027 2865 1077 2902 mu
1090 2846 1141 2906 tos'

65 2915 153 2970 'testes
170 2915 314 2984 antestari,
332 2920 421 2972 multa
438 2917 622 2974 instrumenta
638 2917 725 2982 iudici
740 2917 838 2972 offerre
851 2920 954 2986 potest,
983 2916 1134 2991 Utriusque

69 2977 139 3036 belli
157 2983 247 3036 exitus
266 2999 369 3055 anceps
384 2994 413 3038 et
424 2983 528 3041 dubius
539 2996 590 3041 est.
625 2985 703 3038 Paria
715 2999 829 3060 quoque
840 2984 986 3056 utriusque
998 2984 1132 3052 pericula.

68 3049 138 3118 Quis
156 3050 251 3124 itaque
262 3067 344 3124 aegre
358 3051 442 3119 feret,
460 3053 485 3106 si
497 3064 615 3128 uterque
628 3071 684 3126 quo
716 3049 840 3106 assimili
856 3052 1034 3120 providentia
1047 3049 1135 3107 rebus

32 3156 38 3161 -
67 3116 124 3172 sibi
136 3117 295 3172 commissis
307 3120 465 3190 provideat,
484 3121 545 3190 pari
555 3121 679 3176 sollertia
711 3119 764 3175 osti
777 3119 880 3172 damna
892 3117 989 3172 afferre
1002 3119 1134 3175 studeat?

66 3186 104 3263 Et
121 3189 273 3255 Imperator
290 3187 408 3261 quidem
424 3187 555 3244 homines
572 3189 608 3242 ad
625 3187 742 3242 nomina
754 3186 785 3240 iu
797 3186 908 3268 delpctu
922 3186 1029 3252 danda,
1048 3183 1135 3241 blan-

67 3253 160 3320 ditiis,
178 3253 276 3320 minis,
296 3255 477 3326 pecunia,‚vi
495 3256 618 3330 denique
632 3256 784 3326 perducere
796 3263 924 3321 conatur,
941 3253 1036 3309 hostes
1047 3254 1134 3308 itihe·

65 3337 134 3374 rum
151 3321 279 3375 molestia
296 3321 422 3393 conficit,
443 3323 590 3378 fraudibus
608 3323 722 3392 decipit,
741 3321 884 3394 fidemque
896 3337 994 3375 eorum
1005 3321 1135 3393 largitio·
1152 3316 1153 3328 ¹

58 3385 156 3444 nibus
171 3397 271 3456 tentat,
297 3390 438 3460 inducias,
464 3392 488 3446 si
505 3401 607 3462 potest,
631 3390 662 3444 in
680 3390 827 3444 utilitatem
844 3407 960 3443 suorum
976 3389 1134 3459 paciscitur,
1207 3415 1233 3466 ι,

67 3455 147 3525 pacis
163 3474 243 3526 spem
255 3475 302 3511 sae
323 3458 450 3512 efrustra
463 3469 622 3514 commovet
627 3499 635 3526 ,
654 3469 682 3513 et
693 3475 778 3532 φιιιιι
791 3455 961 3524 diutissime,
980 3455 1012 3510 ut
1022 3457 1135 3512 hostem

67 3523 108 3575 ad
126 3521 249 3594 inopiam
264 3475 383 3598 reiigah
402 3523 512 3580 bellum
529 3527 623 3581 studet
638 3525 812 3596 protrahere,
832 3524 877 3578 sin
889 3524 949 3594 ipse
962 3523 1054 3578 adhuc
1068 3543 1085 3578 ο
1106 3525 1134 3577 i-

65 3588 125 3647 bus
142 3589 275 3646 abundet.
309 3593 403 3668 Atque
416 3604 516 3665 ¹contra
537 3611 569 3647 ea
593 3594 690 3650 omnia
713 3592 786 3646 nihil
810 3591 915 3646 dicitis:
942 3590 1036 3664 itaque
1060 3541 1134 3646 nihil

64 3668 126 3726 est,
146 3659 271 3736 quodiu
286 3659 332 3714 his
350 3661 483 3717 omnibus
500 3662 670 3732 reprehendi
686 3659 783 3731 possit.
818 3659 910 3715 Nolite
927 3667 1021 3714 tamen
1034 3656 1134 3715 existi·

64 3744 161 3792 mare,
180 3743 285 3796 maiora
303 3727 421 3784 cumina
437 3740 547 3786 nostros
565 3730 680 3784 clientes
697 3727 879 3784 commisisse.

136 3794 167 3849 ld
185 3811 253 3850 vero
270 3806 335 3850 tam·
346 3797 447 3852 acerbe
459 3795 657 3869 exprobratum
669 3797 704 3852 iis
716 3805 773 3862 est,
794 3795 871 3869 quod
884 3794 915 3848 in
926 3791 1030 3848 bellica
1040 3809 1132 3868 causa,

64 3863 157 3917 duces
182 3861 337 3919 forensium
363 3881 521 3936 causarum,
556 3867 757 3936 imperatorum
782 3864 912 3934 exempla
941 3863 1029 3918 secuti
1058 3873 1133 3932 sunt,

62 3939 152 3984 testes
169 3929 276 3985 scilicet
293 3932 456 3998 sollicitant,
475 3944 516 4001 et,
554 3952 586 3988 ro
598 3934 715 3988 utilitate
731 3931 878 3996 clientum,
897 3933 944 3984 vel
956 3931 991 3984 ad
1005 3929 1134 3986 testimo-

64 3995 150 4051 nium
167 3999 339 4068 perducunt,
369 4003 416 4054 vel
433 3999 469 4053 ab
488 4019 521 4057 eo
543 4020 589 4056 em
605 4002 740 4066 alienant,
769 3998 942 4053 adversarios
960 4007 1055 4052 autem
1070 3998 1135 4054 lites

65 4066 258 4134 protrahendo
276 4068 310 4122 ad
330 4076 436 4122 tantam
448 4069 574 4139 inopiam
586 4071 718 4140 redigunt
748 4076 779 4121 ut
790 4065 918 4121 sufficere
929 4064 1042 4138 longius
1054 4081 1135 4120 sum-

64 4128 145 4186 tibus
155 4151 192 4188 ne
235 4145 313 4203 aaut,
334 4145 361 4190 et
378 4145 528 4210 antequam
541 4137 608 4192 victi
625 4139 695 4203 sint,
716 4107 813 4207 ingere
830 4141 974 4205 cogantur.
1009 4133 1135 4188 htaudita

56 4215 137 4257 vero
154 4217 260 4258 scaena
276 4221 330 4260 uec
344 4205 448 4260 mulcta
465 4213 585 4276 tentum,
604 4205 655 4262 sed
673 4199 975 4276 sangiune-expianda!
995 4201 1051 4256 Sed
1063 4217 1135 4258 cou-
