2658 4916
60 503 167 556 instar
187 495 337 570 fuglenda,
361 509 413 574 cur
434 493 514 550 tauto
535 511 584 550 ere
607 501 653 551 est
669 482 888 563 elaborandum,
913 499 947 550 nt
963 494 1145 564 adminicula,

61 570 179 640 quibus
198 568 261 638 quis
279 566 405 618 feliciter
423 579 503 618 emen
524 581 574 618 ase
594 567 699 635 possit,
725 567 905 648 accipiamus.
942 567 1032 619 Omne
1048 567 1145 635 potius

61 647 189 708 tempus
212 636 357 704 perditum
375 639 405 686 et
422 633 496 686 male
513 633 685 689 collocatum
703 635 794 696 rideri
816 631 1016 703 debet,'¹qucd
1034 635 1063 686 in
1080 641 1143 688 arte

62 709 177 761 critica
204 704 390 758 consumitur⁴
426 702 509 767 Quod
531 718 629 756 corum
652 703 776 772 perspici
800 709 896 770 potest
920 701 1064 772 exemplo,
1094 705 1143 772 qui

61 775 165 830 multo
178 773 283 826 minori
300 785 387 840 opera
399 776 428 822 et
441 776 579 839 tempore,
597 787 660 824 eum
670 785 760 839 neque
771 771 873 824 Latine
883 771 1009 824 scribere
1022 770 1142 838 possint,

63 851 96 897 et
116 859 185 897 cum
204 841 288 894 lande
293 839 366 909 juris
381 839 487 890 retusti
499 839 634 908 reliquias
645 839 794 908 ignorent,
811 853 901 907 neque
912 837 1033 908 unquam
1048 853 1142 891 emen-

63 914 219 970 dationem
231 907 420 969 tentarcriut,
438 907 561 972 sibinen
574 907 772 961 contemnendi
785 906 985 960 homunciones
996 908 1141 960 ridentur:

64 997 133 1035 cum
152 979 231 1042 Vos,
251 978 312 1030 dies
329 980 484 1044 noctesque
502 977 717 1043 percensendis,
734 975 931 1044 comparandis
949 983 978 1027 et
991 976 1140 1028 enreodan-

68 1051 114 1102 dis
137 1047 254 1116 legibus
279 1043 425 1110 occupati,
451 1042 522 1095 nihil
544 1045 706 1112 praeterea,
732 1059 815 1113 quam
837 1059 887 1098 ros
911 1043 1002 1096 multa
1019 1043 1150 1108 nescire„

67 1119 201 1170 discatis.
236 1113 322 1236 Atqui
335 1105 402 1180 quid
416 1117 459 1162 est
473 1111 586 1164 tandem
598 1113 627 1164 in
638 1113 740 1166 modiis
754 1113 860 1168 vestris
871 1113 1033 1164 litterarum
1043 1110 1142 1166 huuta-

65 1186 199 1244 niorum‚
217 1197 273 1251 quo
310 1180 432 1232 invitare
450 1179 573 1248 aliquem
590 1181 702 1250 possiti
726 1181 813 1234 Forte
831 1181 973 1249 dignitasl
1168 1241 1170 1249 Α

136 1252 295 1304 Enimvero
311 1248 450 1300 neminem
462 1255 532 1317 pute
543 1248 684 1314 futurum,
703 1251 770 1318 quin
783 1249 895 1314 videat,
914 1246 999 1300 hodie
1009 1261 1139 1317 praescr-

62 1323 119 1374 tim
142 1319 231 1391 hasce
249 1317 365 1370 litteras
384 1315 456 1368 adeo
474 1318 631 1384 contemni,
657 1324 690 1369 ut
706 1331 805 1370 earum
824 1317 968 1388 ignoratio
989 1317 1069 1370 laudi
1087 1317 1137 1369 du·

64 1397 168 1454 catur,
190 1385 408 1447 ctlrritumsit,
426 1382 662 1456 vehementerque
671 1385 841 1450 absurdum,
859 1399 896 1438 ex
909 1400 1006 1438 earum
1018 1385 1138 1438 scicntia

64 1457 186 1510 laudern
201 1472 235 1508 uc
252 1453 421 1522 dignitatem
435 1451 543 1522 petere.
578 1453 640 1507 Sem
664 1469 695 1506 er
707 1451 820 1506 onininu
833 1452 890 1505 fuit
899 1453 1070 1506 criticorum
1087 1468 1136 1504 no·

66 1541 137 1580 rnen
153 1521 389 1591 intelligentibus
400 1526 429 1574 et
447 1521 635 1590 elegantibus.
680 1523 802 1575 minibus
820 1522 942 1586 derisui,
967 1537 1029 1574 cum
1046 1521 1137 1587 rerba

66 1599 183 1646 tanturn
204 1597 233 1643 et
257 1605 368 1643 muscas
391 1591 490 1642 venari
507 1590 680 1643 riderentur.
717 1592 814 1658 ltaque
831 1588 915 1642 hodie
934 1590 1136 1652 Meursiorum,

71 1659 298 1732 Gronoriorum,
316 1655 519 1740 praeviorum,
538 1659 764 1712 Burmannorum
780 1661 893 1711 nomina
908 1657 1060 1710 obscurata
1070 1663 1137 1708 sunt

72 1744 173 1782 eorum
189 1727 264 1790 luce,
284 1742 332 1794 qur
349 1723 379 1778 in
393 1727 594 1794 componendis
603 1727 867 1785 consultationibus
878 1732 908 1778 ct
920 1725 1050 1778 hodierni
1061 1725 1136 1794 juris

71 1795 320 1852 observationibus
337 1796 523 1864 congerendis
541 1795 642 1848 melius
659 1790 770 1864 'tempus'
787 1810 868 1848 suum
889 1793 1074 1848 collocarunt.

138 1865 169 1918 Si
182 1879 248 1916 rere
257 1864 293 1916 ad
302 1861 456 1916 utilitatem
467 1864 619 1916 descendat
628 1879 692 1916 mea
704 1864 808 1930 oratio,
820 1871 849 1916 et
857 1863 978 1915 velimus
986 1876 1137 1930 quae-rere,

67 1935 129 1988 utri
145 1932 260 1986 tandem
278 1933 414 2000 majorem
428 1931 611 1998 Reipublicae
627 1933 791 2001 praestanti
810 1919 897 1984 facile
913 1936 998 1998 atque
1018 1921 1134 1998 cupedi-

70 2007 132 2053 tum
151 2001 221 2064 erit,
238 2001 274 2051 iis
292 1998 362 2052 hanc
382 1998 494 2066 laudem
513 2000 627 2063 deberi,
646 2001 694 2069 qui
713 1999 763 2053 has
781 2015 870 2070 nugas
889 2005 1085 2062 contemnunt,
1104 2005 1136 2052 et

70 2069 157 2122 factis
176 2067 370 2136 pulcherrimis
388 2073 563 2128 exercentur.
599 2069 671 2122 Nam
689 2085 753 2122 curn
770 2070 860 2122 omnis
878 2067 983 2120 veteris
993 2068 1065 2136 juris
1086 2082 1133 2118 ru-

71 2137 193 2190 dentiae·
202 2153 234 2188 oo
257 2135 325 2186 uitio
337 2134 419 2204 plane
434 2138 472 2188 sit
488 2133 639 2201 historica,
659 2143 689 2189 et
701 2135 771 2192 nihil
784 2137 879 2188 nostri*
888 2137 950 2188 aeri
962 2083 1134 2199 huminiius,

70 2205 121 2259 vel
139 2205 171 2256 in
184 2151 349 2272 judicando,
373 2203 419 2256 rel
435 2206 465 2255 in
483 2205 576 2258 causis
594 2205 722 2270 orandis,
744 2206 849 2273 prosit,
868 2205 936 2273 quid
955 2219 1059 2271 quaeso
1078 2213 1132 2266 est,

70 2289 157 2344 quarn
177 2273 212 2324 cb
228 2287 289 2324 rem
305 2270 388 2324 hodie
406 2271 497 2326 adhuc
514 2279 594 2326 tanto
612 2275 651 2325 sit
667 2274 780 2338 labore,
796 2273 1065 2354 tantoqueimpetu‚
1082 2269 1131 2322 ad·

71 2340 206 2396 discenda
212 2339 229 2393 i¹
245 2339 379 2413 Videmus
396 2342 470 2394 caim
484 2357 549 2407 eas,
568 2343 616 2409 qui
629 2340 704 2396 hisce
716 2339 929 2394 humanioribus
937 2338 1135 2422 jurispruden-

70 2413 131 2464 tiae
142 2409 285 2462 litteris'se
296 2409 450 2474 dederuut,
461 2425 556 2479 super
563 2411 692 2462 omuibus
702 2410 860 2470 actionum,
874 2415 1055 2470 cautionum,
1066 2423 1133 2459 con-

70 2485 229 2542 tractuum,
251 2480 539 2546 testamentorumque
557 2477 687 2531 iormnlis
705 2477 776 2529 nihil
794 2479 903 2542 dicere,
929 2483 961 2528 ut
978 2486 1132 2546 propterea

71 2546 226 2602 verisimile
243 2547 293 2611 sit,
311 2561 360 2598 eos
378 2551 439 2598 tam
455 2544 573 2603 subtiles
591 2561 637 2598 res
656 2545 764 2600 discere
781 2562 836 2598 non
853 2546 988 2616 potuisse.
1063 2551 1068 2559 ·

71 2645 79 2652 -
136 2615 236 2683 ltaque
253 2613 294 2677 hl,
315 2615 364 2682 qui
376 2631 393 2666 a
406 2614 509 2667 litteris
522 2615 608 2680 Tuis,
626 2615 768 2667 'libitam
787 2615 878 2678 caris,
896 2619 962 2665 sunt
978 2612 1095 2676 remoti,
1114 2625 1136 2664 e·
1184 2639 1195 2649 ν

64 2683 214 2753 republica
225 2683 367 2752 justitiam
376 2683 669 2752 administrantatque
680 2683 801 2751 salutern
815 2683 918 2735 civium
933 2687 1048 2746 eurant3
1067 2695 1135 2732 cuna

62 2752 121 2807 Vos
145 2769 212 2806 cum
236 2751 368 2804 omnibus
389 2751 500 2806 Vestris
524 2751 783 2816 emendationibus,
808 2751 932 2819 receptis
950 2749 1135 2811 lectionibus,‘
1182 2763 1185 2780 ¹

59 2821 259 2890 grammaticis
277 2821 536 2886 observationibus,
556 2817 585 2872 ct
602 2820 899 2890 interpretationibus,
924 2819 1019 2874 onruia
1035 2817 1130 2885 longe,

61 2905 143 2960 quam
161 2895 252 2944 antea
268 2886 398 2952 fuerant,
414 2889 569 2947 incertiora
586 2890 721 2948 reddatis.
872 2891 877 2903 '
1108 2909 1111 2916 ·

62 2985 68 2992 ·
125 2961 201 3012 Cum
219 2971 288 3007 rere
309 2961 367 3008 tam
387 2956 484 3009 futiles
501 2958 558 3010 sint
575 2964 605 3009 et
622 2963 781 3012 contemtas
799 2955 865 3022 hae,
885 2970 957 3024 qaae
971 2953 1130 3008 humanita-

58 3026 95 3079 tis
113 3041 220 3079 nomen
239 3022 359 3088 habent,
384 3024 514 3088 litterae,
537 3025 605 3092 quid
622 3026 737 3078 tandem
759 3033 818 3089 est,
844 3025 919 3091 quod
940 3025 995 3093 Te,
1014 3021 1132 3074 Consul-

57 3095 170 3148 tissime
187 3089 296 3154 Baebi,
315 3096 394 3142 tanto
417 3105 464 3143 ere
480 3093 515 3142 in
527 3093 563 3145 iis
582 3093 722 3157 detineat,
740 3109 804 3145 cum
822 3106 911 3159 neque
929 3085 1006 3144 faule
1024 3090 1133 3144 doctri*

57 3179 128 3229 nae,
159 3175 254 3228 neque
272 3159 334 3210 laus
352 3107 502 3224 stiones,
531 3174 566 3211 ex
583 3160 619 3212 iis
637 3162 702 3228 peti·
714 3159 823 3229 possiti
850 3161 935 3214 Mitte
954 3174 1060 3228 quaeso
1078 3155 1132 3210 has

56 3233 157 3284 inanes
172 3231 302 3286 littereas
316 3226 451 3302 meliqra,
470 3229 717 3293 eteommutliora,
735 3235 764 3280 et
779 3242 849 3296 quae
861 3227 943 3298 hujus
952 3235 1018 3281 srurt
1029 3226 1128 3291 seculi,

57 3301 204 3359 etdisce,
234 3301 264 3346 et
281 3294 371 3345 trade.
407 3294 524 3368 ¹llidebis
544 3297 632 3358 sicet
652 3297 789 3361 rihtet
806 3297 890 3348 rebus
909 3298 994 3361 Tuis,
1021 3295 1133 3364 optime

57 3366 223 3420 consultum
242 3377 314 3413 esse.
349 3361 438 3426 Nam,
458 3363 483 3414 si
500 3365 688 3430 permanseris
701 3367 731 3417 in
743 3363 934 3426 haehaeresi,
951 3365 1027 3416 idem
1042 3377 1134 3431 saepe

56 3435 129 3488 ‘l'ibi
153 3430 282 3496 accidet,
316 3431 390 3499 quod
415 3433 573 3498 aegerrime
596 3432 700 3484 tulisse·
718 3435 823 3486 dicitur
845 3433 971 3485 lacobus*
988 3430 1127 3485 Gaiaelus

54 3503 174 3556 Etenim
193 3515 257 3551 cum
274 3499 328 3551 ille
342 3497 713 3567 et·StephanusForcatulus
732 3502 831 3570 codem
848 3507 977 3570 tempore
995 3499 1132 3554 aSenatu·

56 3571 207 3625 'I'olosano
222 3568 295 3636 iuris
313 3567 679 3637 publieam'Proiessiouem
691 3577 833 3638 peterent,
852 3569 1022 3623 Foreatulus
1038 3568 1065 3618 ei
1083 3583 1129 3619 sa·

76 3639 173 3691 lenter
189 3635 245 3688 luit
258 3653 275 3687 a
289 3637 516 3705 prudentissimis
535 3635 694 3690 homiuibus
711 3639 863 3708 praelatus.
899 3639 936 3689 Et
953 3637 998 3689 cui
1011 3636 1127 3687 tandem
1190 3645 1193 3655 ·

55 3655 110 3758 Kos
130 3707 219 3758 debet
237 3705 340 3767 mirum
358 3705 469 3761 rideril
497 3706 610 3756 Etenim
630 3723 697 3771 non,
721 3707 762 3759 ut'i
781 3706 906 3758 Gravius
925 3705 1039 3773 quidam
1057 3703 1141 3756 ridi«¹

59 3775 121 3826 eule
140 3773 212 3826 satis
226 3772 381 3840 judicarit,
399 3775 482 3826 simia
496 3771 616 3840 homini,
635 3774 685 3827 sed
701 3773 784 3840 homo
796 3775 964 3827 utilissimus
976 3779 1005 3824 et
1018 3771 1128 3825 forensi

59 3843 175 3910 pulveri
192 3840 345 3903 adsuetus,
361 3843 514 3895 sanissimo
533 3843 594 3894 viro
613 3850 657 3896 est
673 3831 827 3912 praelatus.
1192 3839 1197 3849 ’

124 3904 189 3978 ligo
206 3922 292 3976 vero,
311 3909 395 3960 erede
411 3910 493 3976 mihi,
513 3910 694 3964 vehementer·
709 3911 878 3981 gauderem,
897 3912 922 3963 si
933 3908 986 3963 hac
998 3907 1128 3978 ipsadi'e,

56 3993 112 4046 qua
130 3976 320 4032 Academicos
331 3978 404 4045 juris
422 3977 543 4032 honores
561 3980 714 4048 accepisti,
739 3981 863 4032 aninru'rn
881 3979 974 4034 Tuum
990 3984 1125 4030 mutares.

54 4049 92 4100 st
110 4043 256 4113 quomodo
274 4042 328 4096 hoc
346 4050 446 4113 potero
464 4061 580 4115 sperare
599 4049 642 4102 ab
654 4063 704 4111 eo,
723 4049 776 4116 qui
789 4063 841 4102 nec
857 4045 1003 4117 precibus,
1020 4061 1072 4098 nec
1085 4046 1125 4101 la·
1206 4075 1210 4086 ·

55 4115 154 4166 cristis
172 4112 330 4165 amicorum
341 4115 435 4182 potuit
448 4118 567 4180 moveri,
578 4122 611 4168 ut
623 4131 638 4168 e
650 4111 784 4184 seopulis,
799 4117 900 4184 quibus
912 4115 1016 4168 affixus
1027 4113 1125 4167 haere·

46 4177 121 4245 bat,
141 4196 173 4233 se
188 4179 301 4233 extrahi
316 4182 480 4250 pateretur?
497 4183 628 4236 'Felicem
640 4198 687 4236 me
698 4190 844 4253 putarem,
861 4185 887 4239 si
899 4182 968 4236 mihi
980 4182 1050 4238 baec
1062 4197 1125 4253 per-

18 4325 19 4334 ,
53 4250 182 4303 niciosae
201 4249 281 4304 'l'uac
300 4252 476 4308 constantiae
494 4251 617 4310 victoria
634 4252 768 4331 daretur!
1046 4275 1049 4278 ·
